2950 4646
520 363 812 433 JUGURTHA.
1150 363 1219 439 165

158 510 273 570 senatu
295 493 496 584 ambiundo,
517 496 724 585 nitebantur,
742 522 784 566 ne
804 497 935 592 gratim
957 499 992 567 in
1013 523 1088 567 euin
1109 525 1224 571 coneu-

158 602 290 673 icretur.
312 604 438 698 Igitur,
457 602 556 698 legati
573 603 629 672 ubi
652 606 729 674 satis
751 589 951 693 confidunt⁶,
968 605 1021 675 die
1045 609 1223 676 constituto

159 725 296 780 miratus
310 711 458 804 utrisque
483 710 589 782 datur.
617 712 703 780 Turn
725 709 944 787 Adherbalem
964 700 1029 782 hoc
1052 712 1153 783 modo
1176 711 1228 784 lo·-

159 832 302 912 quutum
318 817 516 911 accepimus.

214 927 308 994 xlv.
337 952 354 988 ι(
371 927 485 993 Patres
504 925 699 1019 conscripti,
713 925 853 1020 Micipsa
867 941 961 1021 pater
976 951 1069 996 meus
1084 928 1228 997 moriens

162 1032 393 1124 precepit,uti
404 1056 541 1126 regnum
550 1031 716 1101 Numidiae
722 1032 952 1100 tantummodo
962 1035 1230 1128 procurationem

164 1139 396 1206 existumarem
414 1163 522 1208 meam
534 1137 559 1226 ¹3
573 1153 719 1208 ceterum
736 1139 789 1232 jus
809 1153 843 1208 et
862 1141 1036 1233 imperium
1052 1165 1153 1235 penes
1171 1165 1233 1208 vos

166 1267 235 1312 esse
249 1269 257 1311 ε
271 1243 368 1314 simui
384 1247 542 1334 eniterer,
559 1244 650 1314 dorni
665 1243 850 1340 miiitiaeque
868 1269 967 1340 quum
986 1271 1142 1316 maxumo
1157 1247 1232 1314 usui

167 1374 238 1418 esse
249 1351 373 1446 populo
385 1377 542 1440 roman03
550 1375 611 1422 vos
624 1353 706 1422 mihi
720 1367 954 1448 cognatorum,
966 1377 1025 1422 vos
1035 1355 1069 1422 in
1081 1351 1231 1422 affinium

168 1455 276 1526 locum
294 1457 468 1528 ducerem:
485 1461 512 1528 si
533 1484 572 1528 ea
588 1459 758 1547 fecissem,
776 1462 811 1528 in
829 1474 938 1530 vestra
955 1461 1098 1528 amicitia
1113 1460 1232 1528 exerci-

168 1576 257 1651 tum,
278 1564 433 1654 divitias,
454 1568 658 1635 munimenta
678 1570 782 1662 regni·
792 1592 846 1636 me
867 1567 999 1636 habere.
1019 1567 1104 1656 Quae
1128 1591 1231 1660 quum

168 1685 332 1765 precepta
341 1674 486 1766 parentis
497 1675 562 1742 mei
577 1671 766 1768 agitarem,
774 1675 957 1769 iugurtha,
967 1674 1070 1743 horno
1083 1669 1231 1742 omniunt

168 1801 250 1870 quos
263 1793 351 1848 terra
359 1783 515 1868 sustinet,
524 1779 802 1850 scelemtissumus
812 1834 822 1869 ,
832 1795 1000 1850 contemto
1009 1782 1148 1875 imperio
1155 1803 1232 1848 ves-

168 1897 237 1972 tro,
249 1886 430 1954 Masinissae
438 1911 491 1956 me
501 1902 655 1982 nepotem
665 1903 716 1976 ,ct
724 1889 794 1982 jain
807 1889 850 1956 ab
863 1890 963 1981 stirpe
977 1889 1102 1956 socium
1115 1901 1149 1955 et
1159 1886 1235 1954 erni·

210 2093 236 2142 6.
255 2089 303 2141 Ubi
316 2095 376 2144 satio
389 2089 519 2162 confidunt.
536 2092 626 2156 Quum
641 2091 680 2143 le·
724 2092 862 2144 oratione:
889 2117 901 2139 ι
916 2093 1037 2160 Regnum
1056 2091 1113 2160 ejus
1132 2089 1235 2142 sceleris

169 2168 222 2239 gari
234 2170 296 2222 eatis
309 2171 405 2223 multoe
421 2189 435 2222 e
449 2185 541 2224 senatu
554 2171 604 2224 sibi
615 2189 680 2224 con·
724 2171 765 2223 sui
777 2168 893 2242 predam
907 2171 977 2224 iecit.
996 2195 1007 2216 ι

170 2248 271 2302 edictos
286 2249 408 2304 credunt.
422 2251 461 2303 Ec
473 2269 569 2323 nempe
578 2249 680 2304 recide·
767 2269 793 2303 n.
818 2251 881 2319 Quae
901 2269 972 2322 quum
989 2259 1110 2320 precepta
1128 2251 1236 2318 parentis

171 2341 214 2382 rut
231 2342 337 2384 senatun
358 2333 494 2400 majestas,
517 2346 548 2386 ut
570 2331 682 2384 arbitrio
726 2333 772 2382 mei
786 2335 910 2399 agitarem.
920 2331 1046 2399 Procopio
1055 2332 1162 2400 parentis
1176 2331 1235 2390 mei,

172 2408 295 2462 Numida
318 2411 423 2464 romoni
444 2423 532 2481 patres
553 2412 683 2464 haberent
725 2422 757 2462 ut
767 2411 863 2472 inutile
871 2411 996 2481 giomeme
1006 2407 1236 2462 damnetCortiur.

171 2489 683 2563 comiiiumuutdisicrrent-Utrisque
726 2491 968 2560 Ego,suteor,non
977 2487 1056 2544 video
1065 2487 1132 2559 quid
1140 2488 1237 2558 reliqui

172 2581 267 2620 sennem
284 2571 364 2622 datur.
382 2570 513 2640 Utrique,
527 2573 583 2624 scil.
605 2571 683 2642 legati
727 2571 795 2624 foret
814 2569 1002 2640 scriptoribus,
1017 2567 1170 2639 siquisque
1188 2587 1239 2639 pro

171 2648 310 2719 iugurtha
322 2664 349 2704 et
361 2649 550 2716 Adherbal,iu
564 2664 683 2704 senatum
727 2669 776 2704 ouo
791 2650 918 2716 arbitrio,
933 2669 992 2721 quet
1011 2649 1062 2702 eibi
1081 2646 1238 2720 displicent,

174 2725 352 2784 admittuntur
364 2749 438 2784 cunm
452 2749 558 2807 cuumm
569 2731 663 2784 acturi.
727 2729 865 2785 recideret.
880 2731 908 2783 Si
922 2731 1083 2801 scriptorum
1102 2729 1159 2783 istic
1174 2747 1239 2800 pur-

213 2809 278 2862 cu».
295 2809 372 2863 xlv.
396 2827 421 2863 r.
438 2811 548 2881 Regnum
562 2811 685 2864 Numidiae
727 2811 863 2881 putoribus
882 2822 909 2862 et
930 2809 1164 2866 calumniatoribus
1179 2827 1240 2862 ver·

175 2887 337 2942 tantumodo
348 2895 541 2960 procurationem
555 2895 684 2944 existumo·
728 2891 825 2944 borum
834 2887 1240 2961 crederemus,periretdimidie

176 2987 222 3020 rem
236 2989 319 3022 meam.
333 2969 376 3022 Sic
388 2969 473 3024 codex
483 2972 515 3024 t.
530 2971 619 3026 Ceteri
631 2990 687 3022 om·
729 2989 790 3040 pars
800 2971 923 3028 soluti.
931 2969 1076 3024 Audiamus
1081 2969 1240 3028 Gruterum:

175 3054 367 3119 neengai,etc.
385 3049 508 3116 Certim,
519 3069 551 3103 ex
564 3069 610 3103 suu
622 3069 686 3104 con·
729 3069 820 3121 peuce
844 3051 980 3106 sententio
1003 3063 1094 3116 erunt,
1113 3049 1173 3112 ubi,
1196 3065 1243 3101 eeu

175 3129 290 3197 iectura,
302 3150 423 3200 reguum..
433 3171 439 3183 .
450 3134 685 3200 procuratione...
729 3129 917 3197 librariorum,
933 3150 979 3184 eeu
1001 3130 1130 3195 auctoris,
1147 3129 1170 3181 si
1191 3125 1243 3180 deo
1280 3163 1284 3172 -

177 3226 259 3262 meum.
277 3210 377 3282 Utique
392 3229 492 3282 quum
506 3209 629 3264 Numidia
644 3211 686 3262 in·
731 3210 829 3281 placet,
842 3212 934 3280 culpe,
943 3211 1025 3264 verbe
1037 3211 1124 3280 aliquo
1137 3227 1192 3260 non
1203 3227 1243 3260 re·

178 3287 262 3360 tellige
278 3309 335 3342 non
353 3291 438 3362 ipsam
456 3288 626 3356 Numidiam,
641 3287 689 3344 sed
731 3287 862 3348 dundeut,
876 3287 969 3345 Ausim
991 3287 1114 3359 equidem
1133 3299 1244 3342 conten·

178 3368 275 3440 regiam
285 3370 314 3422 in
327 3369 454 3422 Numidia
466 3382 630 3442 potestatem.
639 3371 689 3424 lu-
732 3367 940 3424 derednmnetm
949 3367 1069 3424 hocloco
1080 3383 1157 3420 voces
1167 3384 1244 3436 pror·

178 3449 386 3516 muniturum,
399 3447 689 3522 inqrdqteutummodo
732 3469 776 3504 tue
797 3447 953 3502 necessarias
972 3464 1045 3511 eree,
1059 3457 1086 3497 et
1107 3463 1167 3496 cum
1188 3463 1241 3517 req.

179 3530 693 3596 procumtiouonmeomexietimo.Placent
732 3526 1244 3598 verboquaremnouminmcongmere

181 3605 239 3678 deli.
253 3609 604 3682 hujusmodiuppoeitionce.
616 3609 690 3662 lutra
734 3628 814 3681 qium
829 3609 857 3662 in
872 3609 925 3668 hoc
940 3606 1047 3678 Virgilii
1064 3621 1105 3671 rr,
1119 3605 1155 3667 45
1172 3621 1178 3655 :

181 3685 324 3742 LXXXV:
347 3717 358 3738 ι
376 3691 471 3761 Neque
481 3692 592 3762 gloriam
605 3708 691 3742 meam
734 3695 1205 3750 objiciuntpomrumenetprwpeojmmm.

181 3765 295 3822 laborem
306 3771 418 3826 illorum
430 3769 558 3844 Γειοίίιῃιι.)Ι
567 3771 602 3823 It.
613 3770 690 3841 Frcg.
735 3771 842 3838 Agitare
850 3771 922 3829 enim
934 3771 967 3829 eb
977 3767 1083 3838 agendo,
1092 3777 1123 3818 ut
1128 3765 1247 3831 structore

182 3846 207 3912 1,
222 3849 297 3906 Oret.
313 3849 410 3924 Lepid.
425 3877 436 3898 ι
453 3851 648 3907 Dourinutionis
663 3850 692 3904 in
736 3847 881 3904 uinciendo
890 3847 1248 3915 derivatur3etogitareproe-

183 3943 225 3982 voc
258 3933 399 3986 servitium
431 3949 510 3984 cuum
543 3929 693 3984 mercedem
736 3930 947 4002 cqoto,bocloco
960 3939 1020 3981 eet:
1037 3922 1166 3978 assiduam
1181 3943 1246 3996 ope·

183 4003 249 4064 duit
274 4037 287 4062 ι
304 4012 396 4067 Etiam
412 4009 499 4077 inira,
510 4011 554 4080 jn·
564 4011 612 4066 irco
635 4012 693 4082 ipse
736 4029 794 4064 run
804 4008 881 4075 dam,
893 4021 924 4062 ut
936 4005 1073 4079 preceptio
1087 4022 1186 4076 pereto.
