2950 4646
554 446 856 516 IUGURTHA.
1161 477 1229 524 211

178 580 310 651 lascivia
338 593 548 675 conoperat,
576 603 616 648 ex
643 582 738 676 copia
760 565 892 650 rerum⁸
919 583 1050 671 statuit,
1071 583 1153 653 nihil
1174 587 1235 656 sibi

178 686 379 782 agitandum.

232 797 304 862 XL.
323 795 454 861 Interea
475 793 590 861 Romae
611 793 650 861 C.
670 791 838 863 Mamilius
859 795 1070 864 Limetanus¹
1087 798 1239 869 tribunus

180 899 285 996 plebis
311 900 515 994 rogationem
545 897 587 967 ad
610 897 771 992 populum
798 899 1009 996 promulgat,
1037 905 1085 971 uti
1110 929 1240 998 quaere-

181 1021 272 1076 retur
293 1007 327 1073 in
359 1030 432 1093 eos,
458 1030 599 1099 quorum
625 1003 760 1074 consilio
786 1007 951 1100 Iugurtha
977 1009 1080 1076 senati
1108 1009 1241 1081 decreta

180 1111 396 1206 neglexisset,
418 1114 537 1206 quique
560 1110 602 1179 ab
629 1135 669 1179 eo
695 1112 729 1178 in
757 1110 997 1206 legationibus,
1017 1128 1076 1183 aut
1096 1117 1241 1211 imperiis
1322 1125 1324 1129 ’

181 1220 337 1314 pecunias
361 1220 582 1312 accepissent;
610 1219 666 1311 qui
694 1215 909 1312 elephantos,
933 1221 1054 1314 quique
1085 1222 1241 1318 perfugas

180 1324 409 1407 tradidissent,
431 1327 529 1410 item,
549 1323 665 1417 quide
687 1346 788 1417 pace,
810 1339 868 1392 aut
888 1323 974 1394 bello
997 1350 1072 1394 cum
1091 1327 1240 1399 hostibus

181 1433 349 1526 pactiones
372 1430 532 1499 iecissent.
558 1431 644 1499 Huic
665 1431 845 1524 rogationi,
867 1433 987 1526 partim
1005 1435 1128 1502 conscii
1150 1435 1210 1504 sibi
1219 1433 1242 1524 ²,

181 1537 234 1607 alii
250 1562 291 1606 ex
305 1537 447 1632 partium
461 1535 582 1604 invidia
596 1532 741 1630 pericula
755 1551 952 1627 metuentes,
961 1541 1117 1632 quoniam
1129 1557 1242 1636 aperte

182 1645 332 1713 resistere
350 1667 417 1711 non
438 1656 606 1738 poterant,
628 1643 707 1736 quin
725 1639 780 1709 illa
799 1657 832 1712 et
852 1641 914 1712 alia
936 1642 1012 1714 talia
1033 1643 1162 1738 placere
1181 1649 1242 1716 sibi

182 1751 384 1836 faterentur,
401 1748 529 1818 occulte
547 1773 607 1842 per
629 1749 772 1836 amicos,
785 1775 822 1818 ac
841 1774 993 1820 maxume
1011 1775 1071 1845 per
1092 1753 1243 1824 homines

182 1858 325 1926 nominis
349 1854 441 1923 latini
467 1869 501 1923 et
524 1855 629 1924 socios
650 1852 796 1942 italicos,
817 1851 1058 1949 impedimenta¹
1071 1860 1241 1952 parabant.

183 1963 249 2032 Sed
271 1961 401 2058 plebes,
421 1959 609 2030 incredibile
631 1975 815 2028 memoratu
832 1975 899 2050 est,
913 1986 1011 2056 quarn
1031 1964 1156 2033 intenta
1172 1966 1242 2034 fue·

183 2071 227 2138 rit
236 2055 260 2157 ³,
274 2082 461 2162 quantaque
476 2068 510 2136 vi
528 2067 732 2160 rogationem
744 2065 896 2158 jusserit,
912 2070 1015 2162 magis
1029 2067 1106 2138 odio
1125 2070 1241 2139 nobili·

183 2292 360 2354 prostraverat
375 2281 483 2333 animos.
495 2279 555 2331 Iam
568 2279 623 2350 ipae
636 2276 690 2330 dux
735 2277 793 2330 Hoc
803 2277 917 2332 hahebat
929 2297 1074 2350 cognomen
1086 2281 1178 2335 abavo
1191 2301 1240 2338 suo

184 2362 255 2434 pari,
269 2361 324 2414 imo
338 2361 438 2432 pejori,
448 2371 540 2431 utpote
555 2356 635 2412 cludit
647 2375 691 2410 au·
734 2357 872 2423 Mamilio,
894 2359 940 2430 qui
959 2359 1043 2430 legem
1056 2361 1152 2415 tulerat
1164 2361 1198 2415 de
1210 2366 1240 2416 tt-

185 2453 261 2508 ctor,
282 2440 426 2514 ignominia
450 2451 569 2503 notatus,
588 2456 640 2509 qua
663 2437 690 2490 vi
733 2437 829 2489 mitibus
840 2455 971 2508 agrorum.
982 2441 1126 2493 Auctorem
1138 2445 1240 2513 generis

184 2521 290 2592 imperii
299 2531 377 2590 atque
386 2517 690 2572 auctoritatiolascivieu·
733 2517 773 2569 sui
786 2517 886 2570 ferebat
898 2518 1043 2571 Mamiliam
1053 2559 1060 2584 ,
1069 2520 1151 2574 filiam
1163 2523 1240 2576 Tele-

185 2612 223 2654 tea
238 2617 360 2653 coercere
375 2597 496 2670 poterat?
513 2629 553 2640 -
568 2599 640 2650 Bene
659 2597 690 2647 tr·-
732 2597 809 2667 goni,
819 2597 1145 2671 quiTelegonus,Ulyssis
1155 2602 1240 2670 lilius,

186 2684 263 2732 cenna
281 2691 353 2751 atque
370 2680 475 2730 Ιωοέυία.
488 2676 606 2730 Licentia
619 2676 690 2729 enirn
732 2675 877 2730 Tusculum
901 2675 1070 2745 condiderat,
1097 2675 1148 2742 (ex
1169 2683 1239 2737 notis

186 2758 315 2832 quidlibet
333 2757 445 2811 faciendi
462 2757 531 2829 parit
549 2757 689 2810 lasciviam.
732 2757 830 2826 gallicis
841 2758 874 2810 cl.
890 2775 916 2810 r.
933 2759 973 2809 De
987 2751 1116 2828 Brosses.)

226 2843 253 2894 8,
274 2840 318 2892 Ex
330 2842 397 2908 copto
410 2857 495 2888 rerum.
517 2836 557 2888 Ex
568 2837 691 2906 prasenti
775 2856 800 2890 u.
814 2837 908 2888 Partim
919 2841 1006 2890 conscii
1019 2839 1072 2892 sibi.
1084 2839 1177 2896 Totius
1186 2843 1238 2897 loci

186 2937 275 2972 rernm
287 2929 364 2971 statu.
375 2916 448 2969 Idem
460 2915 553 2969 eodem
561 2933 638 2969 sensu
647 2934 691 2968 vo·
732 2933 822 2968 sensus
837 2929 876 2969 est
891 2935 898 2969 :
915 2943 926 2964 ι
938 2917 1062 2982 Nobiles,
1073 2919 1117 2973 alii
1130 2920 1238 2977 delicto-

187 2999 310 3053 cebulnm
323 2997 450 3060 recurrit,
466 2996 551 3060 infra,
566 2995 645 3061 LIV,
661 3015 691 3047 ea
731 3013 791 3047 rum
801 3034 809 3061 ,
821 2993 854 3048 de
870 2996 966 3068 quibus
979 2998 1150 3070 querendum
1166 3016 1238 3069 erut,

188 3082 292 3149 soph...
302 3077 424 3129 comitium
434 3079 514 3146 cupit;
528 3075 591 3140 XC,
600 3093 647 3144 pro
656 3077 691 3126 rei
732 3075 782 3127 sibi
793 3077 904 3141 conscii,
918 3077 962 3128 alii
973 3089 1117 3132 metuentes
1131 3100 1176 3148 ne,
1190 3083 1238 3135 fla-

188 3163 270 3228 ωρίας
282 3157 417 3221 XCVIII,
429 3175 459 3206 en
471 3159 539 3226 copia
547 3173 623 3205 rerton
634 3173 691 3206 con·
732 3155 865 3225 grantibua
878 3156 994 3226 partIum
1008 3157 1116 3224 studiis,
1138 3161 1238 3216 invidia

187 3233 510 3307 stnmoubcqmdest,
523 3233 690 3298 attinentis,
732 3235 817 3305 plebia
829 3235 878 3286 sibi
887 3235 1004 3305 pericula
1013 3237 1238 3312 conflaret,roga·
1352 3297 1357 3312 ,

187 3327 307 3388 proreet
316 3329 434 3387 tempore
442 3313 582 3367 consilium
589 3331 690 3384 capere.
733 3314 800 3365 tioni
820 3314 943 3365 Mamilia
963 3313 1064 3367 adversi
1086 3333 1168 3372 erant.
1185 3321 1237 3374 Sed

188 3395 292 3450 Etenim
304 3400 373 3465 copia
381 3415 435 3447 nun
447 3394 592 3447 necessario
605 3393 692 3446 multi·
733 3411 816 3464 qunm
825 3411 855 3445 ea
863 3407 1030 3463 rogarentur,
1039 3396 1133 3466 quibus
1144 3397 1238 3453 adver·

189 3475 307 3528 tudinem
329 3487 375 3528 aut
399 3473 584 3528 abundantiam
607 3485 690 3525 notat.
733 3475 784 3525 sari
797 3489 876 3523 nemo
894 3484 1012 3543 poterat,
1031 3475 1095 3545 quin
1111 3495 1138 3528 se
1153 3479 1196 3532 illa
1211 3494 1238 3534 et

191 3555 265 3627 capa
275 3567 328 3619 est,
340 3555 368 3606 in
379 3573 485 3625 genere,
503 3553 567 3624 qaod
574 3557 689 3622 appetit,
733 3553 793 3604 talia
808 3550 936 3623 ejusmodi
946 3551 1040 3606 delicta
1049 3556 1162 3625 probare
1173 3579 1237 3631 pro.

189 3635 241 3688 sive
256 3652 396 3706 magnum,
418 3634 473 3686 sive
493 3649 619 3705 parvum3
638 3631 693 3684 sive
733 3631 867 3698 litaretur,
880 3651 934 3684 non
948 3631 1078 3688 audebant
1093 3651 1182 3709 aperte
1194 3661 1237 3693 re·

189 3714 314 3782 multum,
333 3714 388 3766 aive
410 3731 511 3785 parum.
531 3709 598 3764 Inde
617 3711 692 3763 notio
733 3712 836 3776 sistere3
849 3711 892 3764 sed
906 3733 954 3784 per
963 3715 1071 3768 Latinos
1081 3729 1107 3770 et
1121 3719 1237 3787 Italicos,

186 3795 322 3859 facultatis,
340 3811 419 3864 quarn
436 3793 563 3846 habemus
578 3804 622 3844 aut
637 3809 692 3843 non
734 3810 778 3844 eos
790 3791 911 3845 videlicet
921 3794 1017 3864 quibus
1025 3797 1068 3866 jus
1080 3810 1135 3849 erat
1147 3799 1239 3854 suffra·

190 3871 330 3940 babemus3
352 3876 495 3935 cantone,
520 3884 693 3943 opportunas,
735 3872 786 3942 gii,
801 3871 987 3942 impedimenta
1000 3877 1156 3944 parabant.»

191 3965 296 4006 autnon
308 3965 472 4024 opportuna.
482 3985 521 3994 -
531 3951 691 4021 Agiteudum.
777 3951 802 4005 3.
818 3953 897 4021 eram
907 3959 997 4004 intenta
1005 3955 1089 4020 suerit.
1100 3955 1187 4020 Quam
1197 3959 1238 4010 in.

192 4033 343 4104 Agendum,
356 4031 524 4085 movendum.
660 4041 664 4052 '
736 4033 815 4084 tentis
826 4032 919 4084 animis
934 4045 960 4083 et
980 4045 1077 4102 quauta
1090 4033 1239 4092 studiorum

230 4111 692 4167 Car.E.1.C.MamHlanmtanm.
737 4111 1238 4188 alacritatetribuuumsuumadjuverir.

346 4211 361 4242 ,
996 4218 1060 4306 ,4,
