2950 4648
532 451 869 524 rnueusutn.
1162 450 1236 549 u59

233 585 294 654 111.
318 587 409 654 Inter
427 585 498 654 baeo
518 584 675 656 Claudius
699 585 841 654 Pulcher
868 583 1013 679 legatus,
1035 609 1110 654 cum
1133 585 1237 654 tribus

182 689 323 760 millibus
348 705 550 761 armatorum
573 715 613 762 ex
636 693 719 761 urbe
740 693 907 776 accurrit3
930 705 964 760 et
988 689 1030 759 ad
1056 692 1237 760 Vesuvium

181 811 327 866 montem
335 819 435 892 ,quo
455 797 501 866 illi
526 823 560 870 se
579 813 787 896 receperant,
809 799 922 867 castris
946 799 1075 894 positis,
1094 797 1238 901 aditum,

182 906 237 997 qui
254 907 370 975 unicus
388 927 425 974 ea
438 921 548 1000 parte,
562 923 660 1001 atque.
680 907 707 976 is
723 903 856 974 difficile
871 919 981 974 umen
996 919 1031 973 et
1044 886 1237 999 impeditum

181 1009 242 1079 iter
262 1011 449 1106 praebebat,
477 1012 618 1082 obsedit.
643 1013 694 1081 llli
724 1009 829 1081 nullas
857 1013 944 1081 circa
969 1012 1144 1099 stationes,
1173 1035 1238 1106 qua

181 1117 365 1187 inaccessus
390 1117 585 1208 videbatur,
606 1119 812 1214 conspicati,
838 1141 898 1214 per
918 1117 1058 1212 abrupta
1076 1125 1237 1211 carasque

181 1221 292 1292 lauces
313 1227 436 1295 catenis
464 1227 590 1296 exuite
619 1225 758 1295 silvestri
783 1225 939 1295 conlectis
959 1249 993 1292 se
1017 1223 1236 1308 demiserunt,

182 1351 248 1397 uno
262 1329 391 1418 relicto,
405 1333 461 1425 qui
479 1331 613 1424 dejectis
631 1334 729 1401 armis
743 1347 911 1424 postremo
930 1332 999 1426 ipse
1013 1353 1143 1423 quoque
1163 1327 1236 1397 des·

181 1434 299 1504 cendit.
321 1440 499 1531 Spartacus
519 1452 693 1532 postquam
712 1459 826 1505 omnes
841 1435 1021 1506 incolumes
1035 1436 1172 1529 recepit,
1185 1457 1236 1502 so-

181 1539 253 1609 lerti
270 1562 347 1612 eum
361 1543 497 1612 audacia
515 1546 623 1612 statim
643 1543 685 1612 ad
698 1557 806 1612 castra
822 1543 1050 1611 Romanorum
1070 1541 1181 1628 duxit,
1204 1553 1237 1608 et

181 1648 349 1742 improvisi
361 1649 499 1744 periculi
513 1651 777 1718 consternatione
799 1651 843 1718 ita
859 1651 978 1718 terruit
989 1646 1182 1735 Claudium,
1198 1659 1238 1714 ut

181 1756 269 1849 turpi
290 1754 369 1850 fuga
394 1757 508 1825 castris
534 1755 685 1844 desertis,
712 1755 836 1850 aliquot
861 1755 1013 1825 cohortes
1038 1767 1180 1848 quatuor
1204 1765 1238 1821 et

182 1862 387 1956 septuaginta
404 1860 638 1957 gladiatoribus
653 1861 835 1932 cederent².

234 1969 292 2036 IV.
318 1969 384 2036 Res
405 1989 587 2064 prosperae,
606 1984 643 2037 ut
664 1968 804 2056 adsolet,
831 1967 940 2037 statim
961 1969 1159 2036 invenerunt
1180 1990 1235 2033 so-

181 2073 268 2160 cios,
285 2073 444 2168 multique
457 2089 621 2168 pastores,
637 2074 756 2143 durtrm
778 2089 811 2143 et
831 2074 946 2170 pernix
962 2096 1082 2168 genus,
1094 2083 1236 2139 ‘accesse-

181 2193 259 2248 runt
274 2179 315 2248 ad
328 2195 438 2274 partes
456 2207 462 2247 :
478 2205 617 2274 quorum
635 2181 900 2249 robustissimum
914 2201 1077 2272 quemque
1099 2177 1238 2244 armavit

141 2301 143 2304 ’
181 2286 377 2380 Spartacus,
395 2286 536 2380 reliquos
552 2302 801 2356 antecursorum
819 2301 853 2355 et
868 2284 1004 2354 velitum
1019 2307 1159 2352 numero
1174 2283 1237 2350 ha-

181 2389 259 2460 buit
284 2395 428 2466 servitiis
448 2393 565 2462 deinde
587 2392 822 2488 ergastulisque
842 2393 1036 2479 concitatis,
1060 2410 1163 2484 quum
1183 2411 1236 2457 ce·

180 2493 343 2568 leniterad
352 2500 523 2569 bominum
533 2499 633 2569 millia
642 2496 1058 2592 deuem‘coivissent,quod
1068 2512 1235 2564 armorum

181 2617 250 2673 erat
264 2607 394 2700 inopia,
415 2618 506 2676 scuta
520 2626 560 2674 ex
578 2609 700 2676 vimine
709 2605 799 2675 dedit
811 2632 818 2672 :
831 2620 965 2699 eratque
986 2605 1012 2672 is
1027 2599 1131 2672 facilis
1143 2599 1237 2669 labor

181 2708 282 2780 solitis
300 2735 378 2781 vasa
395 2714 534 2807 agrestia
553 2735 593 2782 ex
613 2713 790 2810 viminibus
807 2725 956 2795 nectere;
979 2725 1013 2778 et
1037 2729 1236 2802 unoquoque

181 2839 214 2884 se
233 2818 275 2886 ad
296 2841 369 2886 eam
391 2833 495 2888 artem
518 2821 552 2887 in
576 2819 716 2889 formam
741 2821 898 2914 'equestris
918 2838 1041 2913 parmae
1067 2827 1238 2900 armante,

181 2921 329 2994 celeriter
350 2925 501 2994 confecta
521 2950 572 2996 res
589 2941 638 2996 est
654 2951 661 2995 :
676 2949 755 2995 mox
772 2927 922 2995 mactatis
943 2923 1138 3019 pecoribus,
1161 2941 1236 3015 par·

181 3053 251 3099 mas
271 3033 522 3127 cooperiebant,
543 3054 643 3126 quum
660 3034 748 3102 coria
766 3055 879 3102 recens
897 3029 1044 3100 detracta
1057 3030 1148 3124 quasi
1167 3023 1237 3122 glu-

181 3137 249 3205 tino
267 3138 547 3225 adhaerescerent,
561 3140 649 3208 ferro
663 3139 738 3208 dein
749 3136 989 3234 ergastulorum
1007 3150 1140 3206 recocto
1150 3131 1238 3228 ,-gla

181 3240 251 3313 dios
270 3269 308 3314 ac
325 3243 391 3313 tela
408 3193 644 3313 ssbncalantl

233 3353 274 3421 V.
296 3353 358 3420 His
372 3351 470 3420 rebus
486 3351 639 3420 festinare
654 3363 786 3418 coactus
805 3352 839 3418 P.
863 3349 1019 3416 Vatinius
1031 3347 1236 3440 praetor,cui

178 3463 312 3526 'senatus
329 3459 498 3552 negotium
510 3469 601 3526 extra
615 3455 763 3525 ordinem
784 3453 937 3538 dederat,
953 3475 1029 3521 cum
1038 3453 1127 3545 justo
1140 3471 1236 3519 exer-

182 3565 271 3652 citu,
290 3564 349 3633 sed
373 3563 586 3634 tumultuarie
606 3563 818 3656 conscripto,
840 3559 986 3628 advenit·
1004 3558 1069 3626 Sed
1094 3556 1235 3651 legatum

181 3671 249 3763 ejus
270 3669 404 3740 Furium
427 3684 502 3740 curn
525 3669 654 3738 duobus
673 3667 816 3737 millibus
835 3665 974 3736 militum
993 3665 1198 3760 praemissum
1218 3685 1237 3729 a

181 3789 320 3870 praetore
340 3780 409 3846 abie
425 3777 592 3905 congressi
614 3774 741 3871 fugitivi
758 3774 922 3844 fuderunt.
940 3773 1018 3862 Qua
1030 3770 1172 3839 uic'touia
1186 3769 1236 3838 usi

221 3979 320 4032 mLiv
332 3979 453 4051 Epit-
413 3979 531 4030 P-lut.
544 3977 685 4030 -vetlet
772 3977 798 4030 3.
816 3975 941 4027 Plut.·-
960 3972 1027 4025 Lirii
1049 3970 1236 4041 Epitomea-

180 4057 309 4111 Flor.-
326 4056 457 4110 Plut.·-
472 4057 563 4111 Pront
588 4077 619 4120 v,
640 4075 684 4110 ιι.
731 4055 806 4107 Flor.
827 4053 887 4106 Sall.
914 4053 981 4106 Hist.
1002 4049 1105 4120 Fragrn.
1128 4049 1176 4102 Ν.
1198 4077 1238 4091 -«

179 4169 218 4181 -
233 4137 312 4192 Oros
327 4169 368 4181 --
383 4131 926 4202 Frontin.l⁷rontin.1,7
