2950 4648
212 353 287 450 476
525 357 594 426 An
621 357 659 426 c.
688 357 949 426 clusarum

210 490 263 556 Ita
293 487 451 581 coaequati
482 487 658 582 dignitate,
691 491 850 584 pecunia,
879 491 1000 559 virtute
1033 492 1156 559 anteire
1185 487 1275 558 alius

211 592 311 661 alium
334 593 532 687 properabit

264 700 359 767 Vlll.
377 701 456 768 Haec
475 725 538 796 ego
552 725 671 796 magna
687 699 846 769 remedia¹
869 715 984 770 contra
999 701 1128 772 divitias
1149 713 1269 770 statuo.

213 805 300 872 Nam
318 805 453 900 perinde
471 831 586 876 omnes
601 832 653 876 res
668 806 862 894 laudantur,
883 821 982 901 atque
997 819 1213 904 appetuntur,
1231 820 1274 874 ut

213 933 327 978 earum
352 936 463 980 rerum
488 937 567 982 usus
588 928 638 982 est
661 911 811 982 :malitia
835 915 979 1008 praemiis
1001 928 1194 996 exercetur3
1211 911 1272 979 ubi

212 1040 251 1084 ea
265 1016 441 1104 demseris,
462 1043 560 1088 nemo
575 1021 723 1088 omnium
741 1021 886 1113 gratuito
906 1018 1011 1088 malus
1032 1034 1089 1090 est.
1112 1021 1269 1088 Ceterum

212 1123 366 1211 avaritia,
387 1121 494 1192 bellua
513 1125 604 1214 fera,
622 1127 795 1210 immanis,
816 1125 1019 1194 intoleranda
1039 1141 1089 1194 est
1107 1151 1114 1192 :
1133 1149 1199 1218 quo
1219 1125 1268 1191 in·

214 1229 335 1316 tendit,
355 1229 494 1324 oppida,
511 1254 627 1326 agros,
652 1231 728 1300 fana
750 1245 848 1325 atque
868 1231 984 1302 domos
1008 1245 1115 1300 vastat
1133 1256 1141 1297 :
1160 1229 1271 1298 diviua

214 1359 290 1403 cum
310 1335 462 1404 humanis
482 1339 681 1430 permiscet:
699 1361 805 1430 neque
825 1341 1008 1425 exercitus,
1026 1361 1133 1430 neque
1151 1335 1271 1404 moenia

214 1440 360 1528 obstant,
375 1467 441 1536 quo
458 1443 567 1510 minus
586 1444 620 1510 vi
640 1467 698 1511 sua
718 1457 888 1537 penetret:
909 1443 1016 1530 fama,
1030 1443 1208 1536 pudicitia,
1229 1438 1271 1508 li-

214 1545 324 1631 beris,
342 1549 467 1641 patria,
484 1561 582 1640 atque
600 1549 792 1642 parentibus
810 1564 947 1620 cunctos
966 1547 1120 1618 mortales
1142 1545 1270 1642 spoliat.

215 1653 359 1738 Verum,
383 1655 408 1721 si
430 1655 577 1748 pecuniae
598 1654 698 1724 decus
715 1654 895 1741 ademeris,
918 1679 1037 1749 magna
1054 1652 1109 1724 illa
1129 1655 1179 1722 vis
1200 1675 1274 1722 ava-

214 1757 296 1826 ritiae
316 1757 410 1826 facile
433 1759 528 1827 bonis
553 1761 700 1829 moribus
725 1761 883 1829 vincetur.
909 1763 1016 1855 Atque
1039 1760 1111 1829 lraec
1136 1761 1181 1828 ita
1202 1782 1272 1827 sese

216 1862 356 1951 habere,
378 1866 506 1934 tametsi
526 1889 641 1935 omnes
659 1868 742 1960 aequi
762 1881 860 1960 atque
878 1868 977 1960 iniqui
999 1879 1202 1948 memorent;
1225 1879 1272 1932 ta·

216 1993 292 2036 men
317 1969 375 2038 tibi
398 1996 475 2040 cum
499 1971 641 2040 factione
662 1971 840 2042 nobilitatis
859 1972 948 2041 haud
972 1972 1182 2040 mediocriter
1203 1993 1273 2039 cer·

217 2075 353 2144 tandum
370 2091 419 2145 est
434 2103 442 2145 :
456 2077 550 2170 cujus
565 2079 592 2146 si
605 2077 717 2147 dolum
735 2079 877 2164 caveris,
891 2077 952 2146 alia
964 2079 1074 2147 omnia
1089 2081 1123 2146 in
1137 2074 1274 2171 proclivi
1366 2081 1369 2086 '
1396 2065 1399 2070 ¹

216 2197 322 2251 erunt.
339 2185 426 2252 Nam
448 2184 500 2271 bi,
522 2185 547 2252 si
566 2185 688 2253 virtute
707 2186 785 2254 satis
801 2183 963 2268 valerent,
980 2187 1084 2278 magis
1099 2181 1208 2251 aemuli
1220 2181 1276 2250 bo

217 2312 357 2376 norum,
377 2315 475 2383 quarn
496 2290 615 2377 invidi,
633 2305 763 2359 essent:
779 2293 857 2384 quia
874 2290 1013 2377 desidia,
1030 2305 1064 2358 et
1081 2291 1220 2374 inertia,
1240 2301 1276 2355 et

218 2407 334 2488 stupor
361 2420 418 2464 eos
440 2410 538 2490 atque
562 2395 702 2492 torpedo
724 2398 859 2482 invasit;
879 2410 1048 2490 strepunt,
1068 2395 1275 2478 obtrectant,

219 2498 356 2570 alienam
375 2501 498 2570 famam
513 2501 634 2572 bonam
650 2528 746 2571 suum
765 2501 906 2571 dedecus
919 2515 1100 2572 aestumant.

271 2609 329 2675 IX.
347 2608 413 2676 Sed
438 2608 515 2702 quid
535 2634 597 2702 ego
613 2607 727 2703 plum,
746 2611 838 2702 quasi
853 2608 894 2676 de
911 2609 1047 2702 ignotis,
1072 2603 1277 2675 memorem?

219 2713 266 2779 M.
285 2711 406 2780 Bibuli¹
428 2711 586 2782 fortitudo
612 2727 710 2808 atque
727 2716 828 2782 animi
854 2715 903 2782 vis
926 2715 959 2781 in
974 2711 1181 2784 consulatum
1201 2735 1276 2780 eru·

219 2905 290 2957 inira
303 2905 338 2958 ita
352 2904 559 2972 descendebant,
571 2919 601 2960 ut
615 2905 649 2959 ad
665 2907 725 2960 infi-
768 2905 886 2960 remedia
902 2898 993 2960 contra
1015 2903 1119 2958 divitias
1134 2915 1236 2967 stanno,
1250 2917 1278 2958 et

219 2985 458 3055 mosperveuirent.
466 2988 599 3058 Itaueque
606 2987 725 3040 exclusus
769 3005 798 3039 ea
818 2984 926 3058 quidem
945 3005 1038 3057 magna
1057 2996 1126 3038 sunt.
1149 2983 1218 3036 Nam
1235 3001 1278 3037 res

220 3063 357 3136 quisquam
379 3066 505 3138 suffragio
522 3065 678 3132 videbatur,
700 3078 727 3118 et
769 3063 1275 3137 omneslaudantur,proututileasunt.

220 3142 259 3196 ris
278 3145 364 3197 omnis
376 3165 456 3217 penes
469 3145 599 3218 primores
614 3146 726 3199 civitatis
768 3145 849 3217 Atqui
861 3145 932 3198 nulla
942 3145 1040 3198 utilitas
1050 3144 1101 3197 erit
1110 3141 1278 3208 divitiarum,

220 3235 292 3288 erat;
307 3221 384 3286 (Li'v.
398 3244 426 3294 1,
447 3228 482 3291 43
496 3223 515 3291 ).
540 3226 617 3279 Hunc
637 3245 725 3278 rerum
769 3244 852 3296 quum
863 3237 889 3278 et
899 3225 1015 3278 universi
1023 3223 1173 3296 promiscue
1184 3222 1278 3275 suffia·

222 3301 341 3356 ordinem
349 3305 727 3360 mutaretentaveratC.Grac·
769 3305 843 3375 gium
863 3305 965 3368 ferent,
984 3317 1011 3356 ct
1027 3321 1128 3374 pauper
1151 3320 1181 3355 ac
1202 3299 1275 3354 dives

219 3383 298 3449 ebus,
304 3385 464 3457 jubebatque
470 3387 601 3440 centurias
609 3387 726 3457 quinque
769 3382 880 3456 perinde
893 3384 1031 3455 eligentur.
1043 3407 1054 3429 ι
1072 3381 1100 3434 si
1113 3381 1172 3453 quis
1186 3393 1274 3434 tamen

221 3464 355 3530 classium,
365 3477 395 3517 ut
405 3485 536 3538 quamque
548 3485 604 3518 sors
613 3467 725 3536 primam
769 3483 825 3525 nec,
841 3482 890 3535 pro
905 3463 973 3529 ltoec,
994 3462 1110 3515 retinere
1127 3461 1212 3526 velit,
1233 3460 1274 3516 in·

221 3541 385 3616 designaret,
407 3547 556 3616 promiscue
577 3543 610 3596 ad
631 3545 726 3598 suffra·
769 3543 883 3615 telligat,
899 3569 910 3591 ι
931 3543 987 3596 Nec
1004 3559 1054 3613 ego
1068 3543 1183 3614 majora,
1196 3558 1274 3612 quam

222 3623 294 3692 glum
308 3625 404 3678 vocari,
769 3641 828 3694 quat
848 3621 917 3686 dixi,
932 3619 1049 3675 remedia
1064 3633 1156 3674 eontra
1171 3617 1275 3672 divitias

258 3703 647 3774 Can.V111.r.Hoece3nmagna
657 3723 727 3754 reme-
769 3714 864 3756 statuo.
885 3727 896 3748 ·

222 3781 271 3833 dio.
280 3781 609 3837 SicesseiueodioeVatic.
618 3795 726 3835 testatur
810 3779 1158 3834 Cu.1x.1.M.1ttbutt.M.
1169 3778 1278 3849 Calpur·

223 3859 329 3927 Carrio;
342 3863 379 3915 sic
392 3881 456 3933 ergo
467 3861 633 3933 scripsimus,
644 3879 726 3932 quum
769 3861 830 3914 nius
837 3860 947 3914 Bibulus
953 3859 1045 3914 consul
1050 3877 1111 3912 cum
1119 3856 1276 3912 Cumfuit

223 3939 329 3994 Cottius
354 3955 380 3995 et
399 3941 570 4014 Havercamp.
597 3941 726 4008 habeant,
770 3943 801 3995 Α.
817 3941 852 3994 U.
866 3935 899 3992 C.
912 3939 978 4010 695.
990 3939 1058 3992 Eum
1072 3938 1177 4004 Casae,
1190 3935 1276 4007 iuquit

223 4015 346 4089 Necego,
366 4032 415 4074 etc.
435 4021 549 4077 Sensus:
566 4048 578 4071 ι
602 4019 664 4076 llaec
677 4039 726 4094 ego
769 4020 878 4076 sueton.
894 4017 1160 4090 tu1.u‚«lege..
1176 4013 1275 4087 qratia
