2950 4648
407 481 475 548 DE
502 480 615 548 REP.
646 481 975 550 ORDINANDA.
1141 484 1211 567 481

163 637 225 708 per
237 608 389 679 tabellam
411 612 605 680 sententiam
625 611 715 680 feret.
736 610 867 678 Tabella
886 611 1037 678 obtentui
1059 612 1135 690 erit,
1153 639 1218 706 quo

163 721 270 812 magis
285 719 394 786 animo
414 716 517 786 libero
534 717 642 786 iacere
656 717 792 786 audeat:
806 719 839 783 in
858 716 1080 800 multitudine,
1092 733 1124 784 et
1139 743 1220 811 prae·

166 825 239 894 sidii
258 823 345 918 plus,
364 839 396 892 et
415 849 493 893 usus
514 824 654 917 amplior
675 839 732 891 est.
754 825 840 891 Nam
857 822 942 908 fere,
960 824 1010 891 bis
1027 827 1221 918 tempestati-

166 931 249 1016 bus,
267 928 320 998 alii
336 929 466 1022 judiciis
487 929 645 1024 publicis,
666 928 719 998 alii
738 931 872 1022 privatis
894 931 958 996 suis
977 944 1075 1022 atque
1097 934 1222 998 amico-

165 1062 242 1104 rum
273 1038 411 1130 negotiis
436 1036 619 1130 implicati,
646 1035 735 1104 baud
766 1059 842 1103 sane
871 1035 1055 1127 reipublicae
1083 1037 1223 1105 consiliis

166 1141 370 1210 adfuerunt:
395 1167 500 1236 neque
524 1167 580 1210 eos
607 1144 710 1234 magis
740 1142 933 1234 occupatio,
958 1165 1056 1234 quam
1083 1144 1224 1236 superba

166 1249 307 1341 imperia
317 1248 501 1316 distinuere.
517 1249 675 1316 Homines
687 1246 811 1316 nobiles
825 1271 900 1315 cum
913 1247 1025 1340 paucis
1038 1251 1224 1332 senatoriis,

167 1378 255 1447 quos
274 1343 495 1422 additamenta
522 1354 672 1422 factionis
700 1353 843 1441 habent,
864 1377 1077 1445 quaecumque
1105 1353 1225 1439 libuit,

167 1459 326 1553 probare,
345 1459 602 1553 reprehendere,
624 1459 818 1544 decernere3
840 1482 894 1542 ea,
922 1460 969 1525 uti
994 1457 1105 1526 lubido
1131 1460 1226 1546 tuin,

169 1565 287 1633 facere.
308 1569 434 1634 Verum
456 1566 530 1652 ubi,
545 1591 683 1634 numero
698 1579 885 1634 senatorum
907 1579 1019 1648 aucto,
1042 1589 1100 1657 per
1120 1565 1226 1633 tabel-

170 1669 236 1738 lam
266 1673 433 1739 sententiae
458 1671 627 1758 dicentur;
652 1697 701 1740 nae
728 1670 770 1738 iiii
797 1669 982 1764 superbiam
1005 1695 1096 1738 suam
1115 1671 1227 1738 dimit-

170 1791 259 1858 tent,
274 1776 330 1844 ubi
348 1777 386 1844 iis
408 1776 631 1846 obediundum
650 1779 728 1863 erit,
747 1778 865 1869 quibus
886 1791 981 1844 antea
996 1777 1229 1846 crudelissume

172 1883 412 1975 imperitabant.

225 1990 302 2055 XII.
331 1991 495 2074 Forsitan,
516 1994 723 2082 imperator,
746 1990 897 2083 perlectis
922 1989 1041 2072 literis,
1066 1991 1228 2058 desideres

171 2117 270 2188 quern
298 2117 471 2162 numerum
494 2110 683 2162 senatorum
706 2096 775 2160 fieri
797 2094 941 2186 placeat3
973 2119 1103 2186 quoque
1130 2096 1229 2162 modo

172 2201 208 2267 in
227 2198 329 2268 multa
346 2215 380 2267 et
395 2201 484 2266 varia
503 2198 614 2268 officia
632 2199 870 2268 distribuantur
882 2198 902 2283 ¹3
924 2198 1048 2290 judicia
1075 2204 1229 2292 quoniam

175 2401 379 2468 moderaren,
395 2421 477 2455 noros
493 2413 624 2454 senatores
639 2399 682 2452 ad·
724 2399 785 2454 sitas
802 2400 884 2452 fieret.
905 2431 944 2442 -
965 2402 994 2452 In
1017 2403 1178 2464 multitudine,
1207 2419 1232 2455 et

176 2483 681 2553 legit,itautnongentorumnumerum
721 2481 831 2551 presidii
845 2481 911 2550 plus,
941 2493 989 2533 etc.
1022 2482 1083 2532 Non
1099 2484 1175 2535 aliam
1196 2486 1230 2536 ob

176 2559 532 2632 expleretiDi0‚xmrt‚d7).
546 2559 692 2634 Senatores
726 2579 830 2611 causam
847 2557 969 2610 eonditor
988 2559 1115 2612 libertatis
1134 2565 1231 2616 Brutus

178 2641 255 2702 seuit,
270 2641 315 2710 qui
330 2653 403 2692 antea
410 2659 443 2691 ne
451 2641 561 2691 Romani
575 2635 683 2710 quidem
728 2657 868 2690 numerum
880 2643 1117 2692 senatorumauxit.
1132 2643 1231 2709 Liv.rt‚

176 2733 261 2772 erant.
277 2718 355 2785 ideo,
379 2733 408 2771 ut
429 2731 517 2770 narrat
537 2719 607 2770 Suet.
629 2719 683 2770 tut.
731 2737 760 2770 1:
788 2715 911 2770 «Deinde
929 2737 983 2788 quo
1004 2717 1062 2789 plus
1084 2722 1180 2774 virium
1203 2725 1231 2774 in

178 2817 260 2862 ιω,
288 2825 299 2844 ι
309 2799 454 2868 Peregrinis
473 2799 500 2849 in
518 2810 635 2849 senatum
651 2799 686 2849 ai·
728 2810 818 2849 senatu
835 2796 980 2867 frequentin
991 2797 1069 2850 etiam
1083 2799 1184 2874 ordinis
1195 2803 1233 2854 fa·

177 2879 265 2942 lectis,
278 2877 383 2928 iibeiius
398 2878 547 2948 propositus
562 2889 599 2928 est
615 2895 620 2928 :
637 2877 687 2928 Bo-
728 2890 811 2937 ceret.
834 2877 948 2930 caedihus
975 2877 1043 2948 regis
1066 2878 1233 2934 deminutum

180 2977 234 3009 num
249 2960 351 3023 sactum.
382 2955 420 3007 Ne
439 2960 490 3027 quis
508 2959 612 3006 senatori
627 2975 686 3006 novo
729 2970 834 3026 patrum
867 2976 1029 3022 numerum,
1074 2960 1235 3029 primoribus

180 3041 270 3088 carium
284 3047 413 3088 momnnre
424 3036 493 3087 velit.
508 3035 542 3086 Et
557 3035 686 3106 iliaruigo
730 3037 857 3106 equestris
871 3034 967 3106 gradus
979 3037 1066 3101 lectis,
1085 3037 1118 3090 ad
1134 3053 1234 3092 necer-

180 3118 361 3170 canebantur:
731 3127 818 3166 torum
846 3134 974 3166 summam
1004 3118 1126 3184 explevit.
1144 3146 1155 3164 .
1184 3119 1236 3172 Sed

731 3193 804 3264 quod
828 3191 861 3243 ad
885 3193 1066 3245 stabiliendam
1087 3197 1237 3252 libertatem

260 3285 314 3319 Μή·
730 3285 865 3342 repertum
881 3285 951 3334 erat,
965 3292 998 3322 eo
1014 3267 1054 3323 nd¹
1064 3294 1173 3343 regnum
1189 3281 1235 3329 ab.

182 3345 686 3403 Guntrmutqmmr,tnumctnumnm-
731 3370 793 3402 usus
814 3363 852 3401 est
866 3350 959 3401 ΕΜΓ,
982 3381 1022 3391 -
1047 3351 1108 3402 [pm
1128 3359 1235 3423 amplam

181 3211 252 3252 (tultos
265 3211 330 3249 cnm
346 3210 366 3247 in
380 3209 499 3261 triumphum
516 3209 578 3254 dacin
593 3207 651 3246 iidem
668 3209 688 3245 in

261 3432 348 3474 pserunt.

184 3543 225 3555 -
243 3511 343 3562 Tahetta
356 3510 461 3561 obtentui
474 3511 530 3572 erit,
548 3517 596 3558 etc.
617 3505 688 3558 «Ta-

185 3591 252 3642 beiia
268 3586 307 3650 (le
319 3593 408 3640 sunnin
416 3586 502 3650 secret)
517 3587 589 3656 quasi
601 3585 689 3636 velum

185 3671 325 3721 ohtenmm
346 3669 409 3731 erit,
430 3685 484 3738 quo
504 3677 586 3717 tectus
605 3665 689 3715 exsui

185 3747 267 3799 animi
276 3747 403 3800 sententia
413 3747 521 3797 liberius
528 3745 638 3815 quisque
645 3742 690 3795 de-

186 3825 283 3878 cernet.
300 3853 310 3872 ι
342 3827 434 3897 Itaque
457 3825 580 3876 Tiberius
604 3820 691 3882 (teste

185 3904 370 3968 Tacitomnn.
381 3923 404 3966 π,
415 3903 478 3974 74),
493 3921 575 3974 quum
586 3919 692 3952 omnem

184 3984 372 4054 suffragiorum
381 3985 527 4035 libertatem
535 3983 637 4050 eripere
646 3999 692 4030 vo-

187 4059 253 4124 luit,
277 4061 344 4114 dim
361 4081 388 4114 se
401 4063 488 4133 palam
502 4061 616 4112 laturum
636 4078 691 4110 sen·

122 4132 125 4138 ’
188 4142 314 4208 tentiam,
328 4161 380 4213 quo
395 4143 487 4197 ceteris
499 4139 588 4194 eadem
602 4157 692 4192 neces·

732 3427 834 3498 Nempe
847 3428 907 3497 quia
920 3428 1009 3497 plures
1018 3427 1141 3494 aderunt,
1151 3453 1235 3503 quum

733 3521 836 3560 senatus
851 3505 999 3558 habebitur.
1015 3538 1056 3548 -
1075 3509 1177 3562 Iudiciis
1188 3536 1236 3584 pn-

733 3588 807 3639 hiicis.
825 3587 855 3638 In
875 3587 970 3657 quibus
988 3586 1038 3656 ipsi
1059 3587 1182 3642 sedebant
1193 3596 1236 3662 ju·

734 3665 811 3718 dices.
823 3697 862 3707 -
876 3665 981 3733 Superba
995 3669 1090 3732 imperio
1101 3671 1235 3724 distirruere.

735 3745 813 3798 Mutii
827 3745 924 3797 scilicet
944 3747 975 3796 ab
991 3765 1022 3796 eo
1039 3760 1128 3798 senatu
1144 3764 1238 3820 sponte

736 3825 876 3876 abfuerunt
882 3863 889 3888 ‚
901 3825 946 3876 ubi
955 3825 1055 3877 factiosi
1065 3829 1176 3898 superbe
1188 3831 1238 3881 im·

735 3905 887 3973 peritnrent.

777 3983 840 4034 Car.
856 3983 918 4034 XII.
939 4002 962 4034 1.
979 3983 1164 4036 Distribuantur.
1178 3985 1240 4040 Seii.

738 4075 877 4113 senatores.
886 4063 1159 4130 Vuigo‚disn·ibunmr,
1168 4085 1241 4117 nem·

736 4161 769 4210 pe
791 4159 924 4194 numerus.
950 4141 1102 4194 Lectionem
1118 4161 1197 4213 quam
1213 4145 1242 4198 in

1005 4219 1048 4290 31
