2942 4662
456 384 522 450 ET
548 373 946 454 ADDITAMENTA.
1156 384 1228 474 545

213 514 289 584 Quod
300 513 335 566 ibi
346 512 468 582 Jugurtlto
483 533 535 566 erun
545 514 663 584 plurimis.
680 515 770 568 Nostri
790 533 894 579 omnes,
907 527 975 576 erut,·
986 513 1096 568 Haverc.
1108 518 1224 582 instabat,

170 592 220 647 sed
231 593 340 664 plurimi
350 591 420 664 apud
433 612 511 658 eum,
527 593 630 663 agebat,
645 594 724 648 etiam
738 595 869 648 hocloco.
884 593 962 648 Unde
976 595 1042 648 mihi
1060 609 1161 650 constat
1175 598 1231 651 Sal·

172 674 283 726 instium
295 673 374 726 semel
389 670 517 726 duntaxat
535 673 667 744 scripsisse
683 674 788 744 agebam
803 677 877 746 cujus
891 676 979 728 locam
999 674 1040 727 bis
1052 675 1147 728 invasit
1162 691 1228 740 erat,

57 789 62 797 ι
172 754 253 806 semel
274 772 323 825 pro
344 753 576 824 interpretatione,
598 754 677 807 semel
703 754 816 824 ellipsim
835 753 976 826 supplendi
1001 756 1083 824 gratia
1105 758 1229 826 positum.

173 833 298 886 Nostram
307 832 447 886 lectionem
463 845 552 886 tuetur
565 834 680 889 Cortius.

215 913 296 982 Quum
314 911 382 985 Sytta
391 952 398 976 ,
411 915 548 984 prquigutis
560 934 618 986 quos
630 913 754 966 advorsum
770 917 846 976 ierat,
860 914 959 966 melleus.
975 912 1045 966 Illud
1061 915 1152 969 rediens
1165 929 1233 969 esta

173 993 242 1044 mala
254 1011 335 1044 manu
353 1005 379 1044 et
396 993 463 1045 male
485 991 571 1046 adhuc
590 995 749 1059 toleratum,
761 994 848 1065 inquit
865 994 980 1046 Cortius.
999 993 1053 1048 Nos
1067 1007 1154 1048 tamen
1165 994 1233 1049 illud

173 1071 331 1124 retinuimus
342 1090 375 1126 ex
390 1077 498 1126 flavere.
513 1086 540 1124 et
552 1073 648 1126 nostris
664 1073 806 1138 omnibus,
821 1092 904 1144 quum
917 1075 1062 1144 praesertim
1073 1075 1145 1127 nulla
1158 1094 1234 1130 causa
1253 1109 1257 1118 ·

174 1149 203 1203 id
218 1149 325 1204 delendi
336 1164 473 1210 occurrat,
486 1171 535 1205 nec
550 1152 630 1205 ullam
647 1153 762 1205 attulerit
773 1152 887 1205 Cortius.

216 1231 280 1283 Car.
295 1231 353 1284 CII.
366 1231 423 1283 Duo
439 1251 508 1304 quum
517 1230 651 1300 fidissumos
663 1233 697 1283 ud
710 1253 761 1283 eum
773 1236 883 1284 autteret.
898 1231 1021 1283 Testatur
1034 1232 1140 1285 Cortius
1152 1253 1235 1286 unum

175 1329 190 1363 e
203 1309 257 1362 suis
272 1310 310 1363 sic
322 1311 445 1380 primitus
457 1311 578 1364 habuisse
590 1311 690 1377 videri3
699 1329 813 1382 nempes
823 1311 953 1374 litteram,
966 1329 1025 1380 quse
1038 1329 1109 1364 nuno
1118 1313 1176 1365 voci
1188 1315 1236 1365 duo

175 1387 292 1443 adhaeret
303 1428 311 1455 ,
321 1390 399 1442 alieni
412 1391 507 1444 coloris
523 1410 586 1445 esse.
601 1393 696 1444 Noster
708 1403 777 1444 certe
791 1391 853 1443 alibi
868 1392 929 1452 diro,
944 1389 1024 1452 umbo,
1037 1409 1087 1462 pro
1100 1392 1172 1452 duos,
1183 1413 1236 1443 ura·

175 1469 218 1521 bos
228 1468 345 1541 scripsit3
356 1470 429 1521 verbi
446 1472 527 1541 gratia
536 1509 544 1536 ,
553 1472 613 1543 Jug.
629 1471 762 1535 XXVIII,
778 1471 973 1537 duofirrailiures.
986 1471 1108 1523 Attamen
1123 1483 1236 1544 utroque

174 1549 234 1602 Ioco
254 1549 364 1603 Havete.
381 1561 408 1602 et
422 1550 540 1622 quinque
554 1553 638 1604 nostri
651 1550 754 1603 codices
770 1551 868 1602 habent
882 1551 949 1601 diros.
967 1547 1072 1602 Cortius
1088 1562 1192 1618 autem,
1207 1553 1236 1603 in

175 1648 199 1682 o.
221 1628 356 1694 XXVIII,
369 1629 417 1680 duo
430 1646 460 1682 er
476 1631 660 1701 manuscriptis
672 1629 776 1683 duobus
789 1629 924 1702 expressit·
936 1629 982 1680 Nil
993 1629 1089 1681 mirum
1101 1631 1122 1681 si
1136 1630 1236 1684 librarii

175 1709 293 1760 barbarae
305 1703 386 1762 atatis
395 1709 588 1779 ignoraverint,
598 1710 718 1781 antiquos
728 1709 829 1780 optime
843 1709 939 1761 dixisse
951 1709 1010 1770 duo,
1021 1709 1049 1760 in
1058 1723 1152 1780 quarto
1164 1729 1232 1763 casu.
1333 1773 1334 1776 Ἴ

217 1789 259 1839 De
276 1808 302 1839 se
316 1799 341 1840 et
353 1790 384 1840 de
394 1790 479 1859 populi
491 1795 585 1841 motuni
605 1791 732 1842 commodo.
753 1789 796 1841 Sio
815 1791 889 1842 Cort.
904 1808 934 1840 ex
949 1787 1006 1840 MS.
1021 1788 1178 1856 Basileensi,
1193 1792 1235 1842 cui

176 1867 336 1938 suffragatur
345 1881 434 1922 noster
445 1870 477 1921 A.
492 1869 595 1936 Ceteri,
606 1883 632 1922 et
643 1869 753 1922 Havete.
768 1869 798 1919 de
808 1888 860 1921 suo.

217 1948 330 2014 Profecto
340 1969 368 1999 ea
381 1967 406 2000 re
421 1948 456 1998 orl
466 1949 510 1999 loe
524 1961 612 2018 tempus
626 1950 700 2000 multo
709 1949 781 2020 plum
794 1948 854 1999 bone
868 1949 1003 2018 accepisses.
1015 1945 1079 1999 -stc
1092 1947 1238 2001 Aldina.At

179 2026 285 2093 Rivius,
295 2029 403 2097 profecto
414 2047 443 2077 ex
449 2029 539 2097 populo
554 2047 665 2089 romono,
675 2029 710 2079 od
720 2029 763 2078 lios
775 2040 872 2098 tempus,
886 2039 935 2078 etc.
947 2026 1066 2090 certius,
1075 2028 1120 2096 qui
1135 2028 1162 2079 in
1175 2042 1237 2080 noto

177 2107 291 2158 illustrat
303 2105 460 2171 dictionem,
474 2107 510 2158 ad
519 2107 562 2158 lure
574 2119 672 2178 tempus,
686 2107 714 2158 in
728 2119 800 2159 textu
811 2103 876 2178 (per
887 2103 1028 2172 mendum,
1039 2123 1072 2156 an
1084 2105 1236 2170 consulto),

180 2185 292 2251 omittit;
308 2187 458 2257 pariterque
471 2187 580 2239 asseclae.
595 2185 655 2238 Ald.
668 2205 729 2238 vero
744 2183 895 2246 eore(hoc
909 2195 963 2249 est,
979 2145 1064 2248 obiri)
1078 2185 1164 2255 legens
1181 2187 1237 2257 pln-

179 2277 222 2318 oet
235 2265 333 2336 magis3
347 2285 381 2318 ne
392 2267 481 2336 populo
499 2285 596 2318 romono
611 2279 651 2318 ter
666 2265 790 2318 dicatur'
783 2285 811 2317 ιιι
824 2265 939 2318 breviori
955 2263 1102 2342 oratione.»
1122 2265 1235 2318 Broour.

179 2345 235 2397 Nos
249 2346 429 2415 Bipontinam
435 2345 574 2398 lectionem
590 2344 742 2398 admisimus
752 2345 836 2416 ,quia
850 2342 974 2396 Aldina'
967 2343 1091 2395 innititur
1101 2344 1238 2415 ,ingenio-

178 2443 232 2496 que
244 2424 357 2478 Sallustii
373 2422 566 2478 aooommodata
582 2438 627 2478 est.
643 2425 766 2479 Ceterum
782 2425 856 2477 Coit.
872 2424 983 2476 Haverc.
996 2423 1133 2493 nostrique
1147 2443 1237 2478 omnes

179 2505 277 2556 habent
292 2525 322 2556 es
333 2505 422 2575 populo
435 2523 541 2556 morano.

220 2585 348 2654 Perpessus
361 2605 393 2638 es.
408 2583 471 2636 «ste
484 2582 543 2636 Ald.
557 2584 643 2655 Crisp.
656 2596 683 2636 et
697 2583 785 2636 ceteri.
795 2581 847 2634 Alii
862 2582 929 2634 maie
931 2600 1068 2652 ,perpessus
1083 2585 1237 2636 esses.B1a.

221 2663 271 2715 Sed
280 2664 310 2715 ob
321 2683 417 2733 reguum
428 2663 550 2715 tutuudrun
564 2683 631 2714 orma
644 2666 759 2734 cepisse.
748 2661 852 2732 Aliqui
861 2659 964 2714 codices
975 2679 1029 2712 non
1037 2675 1179 2731 agnoscunt
1191 2662 1237 2725 ob,·

180 2742 244 2795 hinc
257 2743 387 2795 Gruterus
399 2743 518 2814 conjicit,
531 2762 597 2812 regat
594 2743 707 2794 'tutundi
716 2734 756 2810 (s.
768 2761 842 2795 causa
853 2738 872 2804 ).
884 2741 1006 2806 Curtius,
1021 2759 1095 2793 more
1108 2743 1239 2805 suo,iecit

182 2841 279 2895 regnatu
297 2833 414 2884 tutatum,
429 2835 458 2874 ιιι
473 2823 524 2876 hoc
540 2823 665 2895 supinum
675 2835 749 2875 esset.
763 2821 861 2874 Lenius
875 2839 971 2891 regnum
982 2821 1083 2873 tutandi.
1093 2847 1104 2866 ι
1125 2821 1237 2874 Βιιοιιι.

182 2901 274 2956 Nostri
289 2921 395 2967 omnes,
408 2913 439 2954 ut
452 2901 591 2956 edidimus.
982 2895 985 2900 ¹

223 2979 287 3032 Car.
303 2982 377 3035 CIII.
395 2983 512 3034 Exercitu
531 2987 556 3033 in
570 2983 671 3034 lriberuis
682 2985 817 3053 composito.
833 2981 875 3032 Sic
889 2981 963 3033 Cort.
980 2992 1006 3033 et
1020 2991 1110 3034 noster
1123 2981 1156 3032 D.
1172 2979 1238 3033 Har.

182 3060 280 3131 aliique
292 3061 391 3125 nostri,
404 3061 567 3114 ilberaaeula's.

224 3139 287 3192 Csr.
305 3141 363 3193 CV.
382 3141 504 3192 Praetereo
520 3144 642 3210 sagittarii
663 3151 688 3190 et
704 3141 786 3191 cohors
795 3141 900 3210 pelt'guo.
916 3139 958 3192 Sic
974 3139 1079 3191 Cortius
1093 3158 1124 3191 ex
1138 3137 1241 3190 duobus

183 3219 258 3271 MSS.
273 3219 382 3272 Havero.
397 3231 423 3272 et
437 3221 473 3285 B,
485 3221 510 3271 D
519 3231 649 3290 ,proterea
660 3223 707 3270 iere
716 3221 853 3286 sagittari&
867 3218 904 3281 Ε,
916 3229 1033 3286 proterea
1045 3221 1168 3286 sagittarii
1180 3222 1241 3280 iere,·

184 3299 223 3355 C,
236 3311 352 3368 praeterea
365 3317 423 3350 uero
434 3301 576 3369 .ιι6νιίιιιι·ι“ι”,Ι
590 3297 705 3368 denique
719 3299 756 3362 A,
768 3297 881 3366 optime,
887 3307 1006 3366 proterea
1017 3299 1139 3365 sagittarii
1144 3316 1154 3357 ,·
1164 3314 1241 3366 pror·

184 3397 229 3430 sus
242 3391 272 3430 ιιι
284 3377 423 3432 edidimus.

227 3456 290 3510 Csr.
306 3457 376 3510 CVI.
385 3459 479 3509 lnoerto
490 3456 559 3508 uoltu
572 3457 607 3507 ud
615 3455 707 3509 Sullam
719 3457 830 3506 accrurit.
843 3453 955 3506 flavere.
962 3454 1055 3506 Incerto
1063 3453 1133 3504 uultu
1139 3472 1228 3524 pauens
1235 3475 1244 3515 ,-

186 3536 322 3608 quomodo
343 3551 370 3590 et
384 3538 468 3590 nostri
489 3554 588 3588 omnes.
609 3535 695 3587 Unius
710 3552 819 3586 suorum
840 3531 908 3596 lide,
930 3533 1037 3586 Cortius
1061 3529 1158 3585 delerit
1178 3531 1245 3585 illud

190 3635 292 3687 pavens,
301 3616 373 3687 quod
389 3629 459 3669 certe
471 3613 612 3677 dictionis,
625 3618 713 3665 uecerto
728 3613 809 3674 voltu,
826 3613 1007 3684 interpretatio
1022 3612 1081 3664 tuit.

229 3697 293 3749 Car.
317 3697 387 3750 CIX.
410 3697 489 3766 Igitur
507 3695 577 3747 Sulla
595 3693 733 3764 respoudit:
746 3713 824 3763 pauco
838 3713 864 3744 se
877 3711 956 3744 corum
970 3693 1066 3763 Aspare
1088 3681 1245 3764 loquuturum

189 3775 233 3828 sic
252 3775 363 3828 Haverc.
384 3774 489 3828 Curtius
506 3793 584 3826 vero·
577 3777 674 3842 ,igitur
690 3773 779 3826 Sulla:
792 3792 871 3844 pauca
884 3791 963 3823 coram
979 3772 1074 3842 Aspare
1089 3772 1247 3843 loquuturum.

188 3855 313 3908 Testatur
323 3855 393 3907 enirn
407 3875 420 3907 a
436 3813 593 3924 quibusdaria
606 3852 681 3906 MSS.
700 3853 787 3906 abesse
804 3851 937 3924 respoudit;
951 3853 984 3904 ab
998 3851 1054 3904 aliis
1069 3871 1101 3904 se.
1114 3853 1148 3905 Et
1161 3866 1250 3906 noster

190 3933 335 4004 quidemA
352 3935 502 3988 Cortianam
516 3935 655 3987 lectionem
671 3933 784 3985 exhibet.
802 3933 891 3985 Ceteri
906 3945 1051 4003 agnoscunt
1069 3931 1203 4004 respondit,
1226 3945 1253 3986 et

190 4033 216 4064 se
223 4033 233 4073 ,·
246 4015 297 4067 nisi
313 4013 384 4084 quod
398 4033 545 4084 pronomen
560 4013 612 4066 hoo
627 4014 655 4065 in
671 4015 692 4064 B
706 4031 783 4083 snpra
799 4012 896 4064 lineam
911 4024 957 4066 ost.

997 4117 1043 4188 35
