2950 4648
506 375 851 446 rnicuaurs.
1130 447 1134 455 ,
1163 375 1237 467 lla

227 505 280 572 Ita
302 519 340 573 et
367 503 540 576 Sallustius
563 508 597 574 in
624 509 689 576 situ
712 507 834 595 Ponti,
855 505 896 575 de
918 504 1155 600 promontoriis
1177 506 1241 573 Pa-

169 607 395 705 phlagonum,
410 627 447 680 et
465 613 556 707 quod
579 615 676 708 Κριοῦ
699 617 840 706 μέτωπον
855 600 882 651 ⁹⁴
900 611 1099 708 appellavit,
1122 611 1239 706 posuit.

176 717 320 786 Nonius.

334 831 541 910 monogami,
559 831 585 888 si
601 842 702 906 tenes,
718 831 847 890 Maeotici

337 928 416 986 Situs
432 928 498 1008 quis
514 940 589 987 esset
602 931 740 1008 aequoris.
757 927 929 987 Sallustium

318 1029 445 1084 ·Noram
462 1025 493 1084 id
507 1025 643 1100 dedisse,
658 1025 736 1084 dicta
752 1038 781 1084 et
797 1026 860 1104 ejus
875 1024 1016 1090 omnibus

337 1121 534 1200 Praejudicatae
548 1122 729 1182 auctoritatis
743 1121 847 1180 ducier

340 1222 408 1277 Non
423 1219 599 1279 abnuebam.

231 1329 356 1397 Festus
375 1330 537 1398 Avienus.

227 1430 230 1440 ’
297 1445 402 1500 Portus
418 1443 454 1500 ab
469 1445 533 1500 Eoo
549 1441 640 1500 fluctu
655 1453 791 1500 curvatus
808 1441 838 1499 in
853 1461 975 1514 arcum,

179 1568 221 1638 Iu
241 1591 337 1638 arcus
354 1567 611 1642 similitudinem
630 1571 683 1639 Sic
698 1568 739 1638 de
756 1571 863 1638 Ponto
877 1568 1068 1655 Sallustius,
1085 1566 1173 1638 unde
1187 1569 1242 1638 hic

179 1671 255 1742 tulit
270 1673 425 1744 colorem.
442 1677 529 1746 Nam
546 1677 688 1772 speciem
704 1674 807 1744 efficit
822 1675 971 1770 'Scythici
989 1699 1094 1744 arom.
1107 1678 1241 1746 Seruios

179 1779 234 1848 ad
254 1781 306 1849 ΙΙΙ
329 1782 466 1852 AEneid.
1292 1791 1297 1800 '

356 1919 542 1936 ..........
561 1883 645 1937 Freta
657 1876 714 1935 lata
728 1876 872 1936 relucent.

181 1991 267 2060 Lata
284 2009 394 2063 autem
414 1994 502 2082 ideo,
520 1997 597 2090 quia
612 2021 646 2064 se
665 1995 823 2090 angustiae
843 1995 971 2063 Pontici
986 1996 1052 2064 oris
1073 1992 1138 2064 illic
1161 1992 1242 2064 diln-
1292 1981 1295 1990 ¹

181 2112 271 2182 tant,
290 2103 338 2168 uti
356 2101 434 2170 dicit
457 2093 637 2171 Sallustius.
663 2104 806 2172 Servius.

234 2207 313 2274 Teia
328 2222 438 2278 autem
457 2207 543 2278 dicta
558 2222 607 2277 est
615 2193 640 2246 ⁹⁵
662 2231 682 2276 a
701 2209 782 2275 Teio
804 2207 1020 2275 Anacreontis
1035 2220 1141 2301 poetoe
1155 2205 1247 2300 lyrici

182 2311 321 2406 oppido,
336 2314 425 2410 quod
442 2316 475 2382 in
487 2313 709 2409 Paphlagonia
722 2337 792 2382 esse
806 2311 977 2383 Sallustius
989 2313 1129 2402 indicat,
1142 2337 1246 2408 quum

182 2416 224 2486 de
237 2419 300 2487 situ
319 2421 457 2494 Pontico
476 2420 629 2515 loquitur.
653 2423 833 2492 comment.
853 2425 889 2490 in
904 2423 1029 2490 Horat.

237 2525 341 2594 Porro
352 2525 522 2598 Sallustius
539 2541 656 2598 auctor
670 2528 885 2597 certissumus
899 2527 1029 2610 asserit,
1043 2540 1113 2596 tam
1121 2527 1246 2619 Tigris,

183 2653 283 2724 quam
303 2634 482 2728 Euphratis
499 2637 533 2704 in
554 2636 711 2708 Armenia
730 2631 838 2703 fontes
854 2632 1084 2724 demonstrari.
1105 2635 1245 2702 litteren.

184 2736 230 2808 dc
243 2739 344 2808 locta
362 2739 450 2810 Heh.

238 2843 352 2932 Quum
364 2845 459 2915 multi
470 2849 634 2916 evaserint
647 2847 828 2940 Trojanum
842 2843 1042 2940 periculum,
1055 2847 1104 2914 uti
1117 2849 1246 2940 Capys,

185 2951 242 3044 qui
265 2953 481 3050 Campaniam
507 2955 631 3038 tenuit3
651 2967 689 3021 ut
713 2951 876 3040 Helenus,
896 2954 954 3046 qm'
980 2967 1017 3021 ut
1039 2951 1115 3038 alii,
1136 2951 1246 3021 Surdi-

185 3057 292 3145 uiam‚
313 3059 495 3128 secumdum
515 3059 713 3130 Sallustium.
735 3063 878 3130 Seruum.

239 3163 455 3236 Sallustianus
470 3165 678 3260 Calpurnius.
696 3167 836 3235 Hieron.
860 3163 913 3234 ad
922 3165 1019 3256 Ilus

241 3269 454 3370 Calpurniani
474 3271 634 3366 discipuli.
657 3271 754 3342 Idem
774 3271 853 3340 ibid.

188 3451 240 3508 linc
251 3455 286 3508 sit
299 3453 457 3522 alsmrdnm,
467 3458 529 3510 satis
543 3473 592 3527 per
607 3473 635 3506 se
650 3471 696 3525 ap·
740 3451 1247 3524 rumbicoPspltlsgoniaepromontorim

185 3547 273 3605 paret
740 3549 812 3586 nunc
825 3551 871 3603 cap
885 3533 1010 3602 Ksnmpr'.
1024 3534 1065 3584 De
1077 3533 1123 3586 Br.
1135 3549 1187 3598 nr,
1200 3536 1247 3602 89.

230 3623 276 3685 94.
288 3621 362 3686 Κριοῦ
376 3619 500 3682 μέτωπον.
513 3614 697 3684 Latineffiuu-
782 3615 831 3682 9⁵·
840 3613 1049 3666 Teia...dr'etuest.
1056 3612 1148 3665 Horat.
1158 3598 1247 3666 Csrm,

189 3705 235 3746 uus
264 3699 355 3749 urinis.
387 3695 492 3749 Nomen
520 3694 698 3768 promontorii
744 3692 920 3764 1,17:ſsdae
943 3693 1010 3746 Teia.
1024 3693 1120 3746 Teium
1139 3704 1246 3750 autem,

189 3774 385 3829 eOErersonsso
397 3775 510 3829 Taurica
534 3777 562 3828 in
583 3775 698 3828 Pontum
740 3774 806 3826 urbs
814 3773 1010 3846 Paphlagonia,
1019 3774 1088 3827 inter
1096 3772 1249 3826 Emoleum

190 3851 325 3908 Euxinum
347 3856 531 3927 prominentis.
550 3856 583 3908 lu
603 3853 698 3909 tubulis
742 3865 769 3908 et
795 3855 981 3908 Carambicum
1011 3853 1249 3926 promontorium,

190 3935 332 4006 geograph.
348 3935 460 4000 dicitur,
470 3937 561 4006 lingua
572 3935 698 4000 Turcica,
742 3934 828 4006 patria
836 3933 1073 3988 suitAnacreontis.
1084 3933 1153 3986 Eum
1161 3945 1248 3987 tamen

192 4012 395 4084 Kamdje-buru.
421 4013 566 4069 Adversum
589 4027 628 4070 est
648 4015 698 4069 Ca·
742 4014 865 4067 nonnulli
881 4015 970 4067 lerunt
986 4014 1014 4066 iu
1029 4014 1105 4066 toni·
1120 4025 1220 4072 natum
