2950 4648
249 282 326 374 450
639 285 917 355 SALLUSTII

248 416 432 514 aguntur'a
454 416 622 511 fugitivis,
644 442 730 512 aegra
749 431 843 512 perte
864 416 1005 488 militum
1022 419 1172 488 autumni
1194 421 1310 514 gravi-

248 539 336 612 tate,
354 548 461 618 neque
481 548 522 592 ex
538 538 704 618 postrema
724 523 818 618 luga,
834 549 937 618 quum
952 548 1068 593 severo
1081 523 1188 596 edicto
1207 525 1308 618 jube·

249 645 384 717 rentur,
406 628 480 700 ullis
501 628 658 725 adsigna
679 630 913 719 redeuntibus,
935 643 968 700 et
989 631 1045 725 qui
1071 629 1186 726 reliqui
1213 646 1309 702 erant

247 761 308 832 per
334 760 461 806 summa
486 735 608 831 flagitia
631 735 888 806 detrectantibus
911 735 1083 825 militiam,
1109 753 1306 831 quaestorem

248 868 344 912 suum
360 845 397 912 C.
416 843 639 930 Thoranium,
657 868 698 912 ex
711 869 779 939 quo
796 857 955 938 praesento
970 867 1049 912 vera
1064 841 1217 916 facillime
1229 869 1305 914 nos·

247 963 369 1018 cerent.
392 940 453 975 *⁴*
475 951 728 1038 commiserant,
750 965 784 1020 et
800 963 911 1020 tamen
926 951 1056 1020 interim
1074 973 1176 1044 quum
1193 949 1306 1022 rolen-

245 1056 334 1126 tibus
355 1079 493 1125 numero
514 1070 664 1151 quatuor.

298 1154 314 1186 ⁴*
332 1165 440 1256 ingre,
461 1176 551 1232 tante
573 1165 657 1234 setui
677 1160 902 1251 debacrlttur‚
916 1161 1095 1232 nefandum
1113 1163 1148 1232 in
1168 1162 1302 1234 modum

246 1293 401 1362 perverso
418 1267 553 1338 vulnere
563 1283 597 1338 et
610 1267 776 1338 interdum
789 1266 934 1338 lacerum
946 1293 1067 1363 corpus
1078 1269 1303 1340 semianimum

246 1377 448 1463 omittentes,
466 1374 520 1443 alii
534 1377 568 1443 in
589 1389 677 1444 tecta
693 1374 860 1468 jaciebant
877 1377 986 1470 ignes,
1004 1372 1163 1469 multique
1177 1399 1218 1444 ex
1231 1373 1304 1444 loco

245 1482 348 1570 servi,
363 1505 446 1576 quos
465 1483 633 1576 ingenium
649 1483 756 1550 socios
774 1480 890 1568 dabat,
909 1479 1021 1550 abdita
1040 1480 1231 1570 adominis,
1248 1496 1304 1551 aut

244 1588 332 1681 ipsos
350 1586 527 1655 trahebant
545 1611 586 1655 ex
606 1585 755 1674 occulto,
768 1611 874 1680 neque
889 1601 1040 1656 sanctum
1055 1601 1112 1656 aut
1124 1585 1302 1657 nefandum

243 1695 418 1787 quicquam
442 1692 509 1761 fuit
533 1693 588 1762 irae
608 1691 846 1781 barbarorum,
866 1706 900 1761 et
924 1691 1033 1762 servili
1053 1693 1185 1788 ingenio
1204 1717 1213 1762 :
1231 1717 1302 1788 qua

243 1801 420 1894 Spartacus
439 1800 597 1894 nequiens
610 1799 806 1894 prohibere,
821 1797 933 1868 multis
945 1799 1100 1894 precibus
1110 1823 1214 1895 quum
1231 1823 1301 1870 ora·

244 1920 312 1993 ret,
334 1903 501 1974 celeritate
516 1897 597 1930 eeu
616 1907 764 1974 nuncios.

295 2011 431 2106 Aliquot
444 2011 513 2080 dies
525 2025 641 2082 contra
654 2035 782 2080 morem
796 2009 916 2081 fiducia
932 2013 1045 2106 augeri
1058 2013 1179 2081 nostris
1188 2013 1301 2107 ooepit,

243 2133 277 2187 et
297 2119 405 2213 promi
422 2117 543 2214 lingua.
564 2119 641 2208 Qua
662 2119 818 2188 Varinius
836 2131 951 2188 contra
971 2131 1151 2212 spectatam
1171 2143 1240 2187 rem
1259 2121 1302 2187 in·

233 2238 339 2301 ‚caute
361 2239 471 2294 motus
490 2249 594 2296 novos
613 2226 863 2320 incognitosque
884 2238 918 2293 et
932 2222 1072 2294 aliorum
1084 2225 1214 2294 casibus
1231 2249 1300 2321 per-

243 2329 352 2400 culsos
370 2329 507 2421 milites,
525 2331 617 2402 ducit
637 2345 749 2401 tamen
767 2331 809 2400 ad
825 2344 933 2401 castra
947 2329 1171 2425 fugitivorum.
1188 2333 1304 2401 Presso

243 2437 348 2532 gradu
367 2435 497 2507 silentes
516 2438 604 2532 jam,
624 2461 730 2532 neque
749 2451 816 2508 tam
838 2436 1011 2532 magnifice
1029 2451 1196 2508 sumentes
1217 2463 1302 2532 prae-

243 2543 346 2631 lium,
376 2569 475 2638 quam
503 2541 760 2638 postulaverant.
788 2546 896 2638 Atque
923 2541 968 2612 illi
990 2544 1159 2612 certamini
1181 2544 1303 2613 conscii

242 2651 328 2718 inter
347 2674 381 2718 se
400 2647 495 2743 juxta
518 2649 711 2720 seditionem
732 2663 835 2718 erant.
859 2650 959 2722 Crixo
983 2663 1017 2718 et
1034 2650 1139 2746 gentis
1159 2649 1302 2744 ejusdem

244 2753 348 2824 Gallis
364 2770 463 2849 atque
482 2757 658 2824 Germanis
675 2756 868 2825 obviomire
881 2769 915 2824 et
925 2754 1014 2825 ultro
1023 2755 1145 2826 offerre
1158 2781 1302 2852 pugnam

245 2861 451 2956 cupientibus
473 2875 589 2930 contra
609 2863 816 2957 Spartacum.
