2950 4646
565 415 858 485 susurrus.
1172 417 1241 516 167

179 529 275 613 rum⁶
300 544 494 640 progeniem
521 569 602 633 vos,
623 562 733 642 patres
756 549 953 644 conscripti,
973 547 1075 618 nolite
1104 552 1172 645 pati
1190 556 1244 621 me

180 641 355 746 [nepotem
373 644 574 743 Masinissae]
586 653 718 724 drusun
739 681 759 724 a
779 655 873 725 vobis
891 653 1047 726 auxilium
1068 671 1189 752 petere.
1209 660 1244 728 Si

178 757 221 826 ad
238 757 482 853 impetrandum
500 759 581 828 nihil
604 781 726 830 caussae
743 763 933 851 haberem⁷,
946 778 1066 859 praeter
1086 765 1243 834 miseran·

178 863 254 933 dam
273 865 459 955 fortunam3
473 865 563 961 qrrod
577 866 687 962 peuilo
706 883 783 938 ante
799 895 874 956 rex,
891 895 1025 965 genere,
1039 870 1126 940 fama
1147 885 1245 966 atque

177 973 278 1066 copiis
301 986 418 1068 potens
433 1027 443 1061 ‚
458 994 549 1044 nunc
570 975 773 1045 deformatus
795 978 971 1064 crumnis,
989 978 1101 1073 inops,
1122 976 1245 1048 alienas

178 1103 257 1172 opes
271 1094 428 1174 exspecto
439 1105 450 1168 ;
463 1093 574 1150 tamen
594 1095 665 1151 erat
685 1083 864 1176 majestatis
879 1081 994 1177 populi
1010 1087 1152 1172 romani,
1167 1109 1244 1180 pro-

178 1184 291 1254 hibere
305 1187 458 1280 injuriam
471 1239 481 1275 ‚
497 1205 604 1283 neque
617 1190 685 1283 pati
698 1190 891 1285 cujusquam
907 1213 1048 1284 regnum
1062 1215 1122 1285 per
1139 1189 1246 1260 scelus

178 1315 333 1362 erescere.
349 1295 476 1363 Verum
491 1280 574 1388 eg0⁸
587 1295 638 1364 his
654 1295 774 1365 finibus
791 1296 914 1390 ejectus
931 1319 1004 1364 snm
1017 1348 1026 1382 ‚
1041 1319 1123 1390 quos
1141 1296 1243 1389 majo·

180 1398 271 1468 ribus
292 1399 374 1468 meis
396 1399 540 1496 populus
561 1425 717 1472 romanus
739 1402 830 1472 dedit
852 1427 859 1470 :
882 1401 970 1470 unde
992 1417 1087 1498 pater
1109 1417 1142 1472 et
1163 1425 1245 1471 avus

179 1529 244 1572 una
273 1505 446 1575 vobiscum
466 1507 635 1603 -expulere
665 1509 850 1606 Syphacem
883 1523 917 1577 et
945 1508 1243 1604 Carthaginienses.

178 1613 299 1682 Vestra
324 1612 484 1684 beneficia
504 1615 584 1684 mihi
605 1627 718 1711 erepte
736 1631 828 1704 sunt,
846 1629 955 1712 patres
971 1617 1170 1710 conscripti:
1185 1639 1246 1685 vos

178 1719 210 1786 in
223 1743 299 1788 mea
313 1720 430 1814 injuria
443 1720 589 1816 despecti
606 1725 691 1794 estis.
706 1723 803 1794 Eheu
817 1747 872 1793 me
884 1717 1060 1793 miserum!
1077 1723 1246 1809 Huccine,

178 1827 317 1921 Micipsa
338 1841 454 1921 pater,
467 1827 628 1898 beneficia
645 1843 702 1899 tua
724 1853 877 1918 evasere,
891 1832 939 1899 uti
954 1855 1053 1924 quem
1073 1843 1110 1897 tu
1130 1852 1245 1924 parem

179 1955 254 2000 cum
282 1932 409 2022 liberis,
431 1936 588 2029 regnique
613 1937 808 2032 participem
829 1935 954 2022 iecisti,
975 1939 1002 2006 is
1026 1937 1246 2031 potissumum

177 2040 287 2134 stirpis
303 2053 367 2109 tuae
380 2042 560 2110 exstinctor
571 2041 637 2110 sit?
652 2045 888 2136 Numquamne
904 2067 985 2137 ergo
999 2040 1121 2109 familia
1132 2055 1246 2109 nostra

178 2147 286 2238 quieta
312 2146 401 2214 erit?
417 2173 589 2243 semperne
607 2151 641 2216 in
661 2149 845 2243 sanguine,
872 2147 985 2234 ferro,
1004 2146 1081 2240 fitga
1101 2146 1247 2214 versabi-

178 2275 252 2320 mur
264 2250 278 2320 ?
291 2253 384 2322 Dum
402 2254 712 2348 Cartlraginienses⁹
727 2241 907 2324 incolumes
928 2251 1033 2340 inere,
1043 2252 1118 2345 jure
1136 2253 1247 2320 omnia

178 2474 230 2516 tem
246 2464 355 2518 initium
370 2466 449 2535 hujus
464 2466 585 2520 arnicitin
600 2466 629 2518 in
643 2463 691 2518 ed·
734 2467 843 2537 pestate,v
857 2476 908 2517 etc.
924 2463 974 2516 Hic
990 2461 1023 2517 ad
1039 2465 1171 2516 Romanos
1186 2481 1248 2534 pro·

178 2545 691 2618 versisreipnblictetemporibusfactum
735 2558 826 2610 vocet,
845 2555 969 2616 tanquam
985 2541 1019 2596 nd
1037 2555 1247 2615 propugnatores

180 2623 266 2677 inisse.
283 2621 336 2678 Sed
356 2644 390 2678 ne
404 2631 498 2696 perum
512 2623 630 2696 jucunda
648 2645 692 2678 re·
736 2623 819 2696 requi,
834 2622 953 2678 vindices
967 2622 1140 2697 injunium,
1157 2621 1246 2676 datos-

178 2702 332 2758 eordeu'one
357 2703 434 2758 ledat
456 2707 558 2759 animm
582 2705 692 2759 audien·
736 2723 787 2776 qne
794 2705 919 2758 omnibus
929 2705 1049 2758 omniurn
1058 2715 1189 2757 terrerum
1200 2721 1249 2775 po·

180 2783 455 2854 tium,fidmfhrtunae
463 2783 557 2840 cnllide
566 2787 692 2858 opponit3
735 2786 807 2856 pulis
828 2785 948 2839 arbitron
965 2785 1032 2851 Ques
1053 2783 1157 2850 metio,
1172 2783 1248 2836 facile

180 2863 215 2916 ita
224 2877 254 2916 ut
264 2866 602 2931 societssilomenornrn‚si
611 2883 694 2938 quan·
735 2865 881 2937 intelligere
896 2878 951 2932 est,
965 2883 1045 2938 qnam
1059 2876 1132 2936 gnta
1147 2863 1248 2937 populo

180 2940 216 2995 do
223 2957 334 3017 propter
341 2946 460 3018 ipsorum
467 2945 601 2999 fortunam
608 2965 693 3018 prope
736 2945 824 2998 veniet
838 2947 911 2999 orbis
924 2945 1041 3000 universi
1055 2943 1199 3018 inperium
1209 2943 1249 2997 ef·

180 3023 319 3096 fugienda,
342 3043 446 3096 semper
472 3039 559 3079 tamen
580 3038 693 3097 propter
736 3026 855 3079 sectanti·

181 3099 259 3156 iidem
273 3103 513 3176 expetendssnisse
528 3104 657 3160 videatur.
785 3107 811 3160 8.
841 3107 932 3158 Verum
954 3123 1007 3175 ego.
1032 3107 1248 3176 Argumentum,

220 3187 248 3237 6.
265 3185 383 3254 Quorum.
397 3184 458 3240 soit.
473 3188 622 3256 majorum,
635 3200 693 3258 quae
737 3185 809 3258 quod
824 3199 935 3251 vocant,
947 3205 963 3236 a
968 3186 1077 3252 fortiori.
1088 3183 1114 3236 N
1115 3201 1150 3236 on
1162 3183 1249 3236 solum

181 3265 255 3316 notio
268 3265 297 3317 in
314 3263 493 3331 antecedenti,
503 3267 613 3333 familia,
629 3283 693 3319 oon·
737 3285 795 3319 eam
806 3266 915 3318 tutelam
929 3261 1119 3330 mutuemus,
1130 3281 1180 3334 qne
1194 3281 1249 3314 om·

182 3343 288 3398 tinetur.
307 3369 344 3380 -
362 3346 405 3399 Me
418 3359 524 3418 nepotem
541 3347 691 3408 Massinissa,
737 3364 783 3398 nes
809 3345 918 3396 miseros
949 3341 1178 3413 complectiminis
1201 3339 1249 3394 sed

182 3503 235 3556 iere
250 3505 452 3576 glossaridetur
461 3506 573 3578 repetite
589 3525 621 3560 ex
634 3517 695 3558 ante
736 3523 785 3572 vos
805 3503 834 3556 in
855 3500 991 3574 propriam
1016 3499 1146 3552 ultionem
1171 3499 1250 3551 exsti-

184 3580 274 3650 dictis,
287 3585 426 3638 Mnonr'ssoe
442 3605 477 3638 nse
492 3597 599 3657 mpotem
611 3589 694 3655 etjam
738 3583 840 3636 rnnlnre
850 3581 937 3636 debet.

184 3662 540 3736 ebsnipesociumEttemen
549 3665 696 3720 estinom·
761 3683 805 3733 .9.
827 3665 893 3716 Dum
915 3661 1134 3730 Cartimffias'emes.
1154 3659 1250 3712 Mirans

185 3743 261 3798 nibus
272 3743 350 3799 MSS.
738 3744 850 3798 oratoris
865 3739 1048 3807 calliditatem,
1066 3740 1114 3813 qni
1131 3757 1163 3792 ex
1187 3738 1251 3793 odio

222 3843 249 3892 7.
265 3824 303 3880 Ss'.
320 3866 327 3879 .
344 3861 351 3874 ·
369 3867 376 3879 .
394 3826 456 3878 nihil
468 3843 559 3880 conoe
578 3825 695 3880 Iubam.
739 3825 920 3878 Romanorum
936 3823 964 3876 in
979 3821 1075 3875 Poenos
1089 3821 1251 3893 quaeritent

184 3901 292 3960 Etiamsi
307 3903 370 3960 ideo
383 3919 487 3960 turtum
500 3905 534 3960 ad
546 3923 593 3960 sos
605 3905 697 3961 mnin-
740 3923 824 3959 unse
836 3901 999 3967 subsidium,
1011 3915 1038 3955 et
1049 3901 1158 3974 gruum
1174 3899 1251 3954 iami-

183 4001 286 4054 gerenn
302 3985 366 4059 qnia
381 3987 463 4040 miser
476 4005 543 4040 min.
555 4009 593 4021 -
606 3987 698 4040 Tamen
739 3985 781 4038 lire
795 4003 850 4040 sue
862 3983 1000 4049 conciliet,
1015 3981 1092 4054 qnasi
1106 3981 1188 4036 multa
1201 3999 1251 4055 pro

184 4065 326 4122 erasm
334 4065 542 4139 uniendum
551 4079 697 4124 racema-
739 4067 842 4139 popule
854 4083 966 4120 romano
977 4079 1117 4136 perpessus

1029 4157 1094 4240 11³
