<?xml version="1.0" encoding="UTF-8"?>
<!DOCTYPE html PUBLIC "-//W3C//DTD XHTML 1.0 Transitional//EN"
    "http://www.w3.org/TR/xhtml1/DTD/xhtml1-transitional.dtd">
<html xmlns="http://www.w3.org/1999/xhtml" xml:lang="en" lang="en">
 <head>
  <title>
</title>
<meta http-equiv="Content-Type" content="text/html;charset=utf-8" />
  <meta name='ocr-system' content='tesseract 3.04.00' />
  <meta name='ocr-capabilities' content='ocr_page ocr_carea ocr_par ocr_line ocrx_word'/>
</head>
<body>
  <div class='ocr_page' id='page_1' title='image "./caiuscrispussal01sallgoog_0430.png"; bbox 0 0 2910 4666; ppageno 0'>
   <div class='ocr_carea' id='block_1_1' title="bbox 230 341 902 414">
    <p class='ocr_par' dir='ltr' id='par_1_1' title="bbox 230 341 902 414">
     <span class='ocr_line' id='line_1_1' title="bbox 230 341 902 414; baseline -0.004 -1"><span class='ocrx_word' id='word_1_1' title='bbox 230 341 303 414; x_wconf 67' lang='lat'><strong>362</strong></span> <span class='ocrx_word' id='word_1_2' title='bbox 615 342 902 411; x_wconf 82' lang='lat' dir='ltr'><strong>SALLUSTII</strong></span> 
     </span>
    </p>
   </div>
   <div class='ocr_carea' id='block_1_2' title="bbox 227 473 1293 1743">
    <p class='ocr_par' dir='ltr' id='par_1_2' title="bbox 227 473 1293 1743">
     <span class='ocr_line' id='line_1_2' title="bbox 227 473 1290 569; baseline 0.003 -25"><span class='ocrx_word' id='word_1_3' title='bbox 227 489 278 544; x_wconf 88' lang='lat' dir='ltr'><strong>est</strong></span> <span class='ocrx_word' id='word_1_4' title='bbox 301 500 363 569; x_wconf 93' lang='lat' dir='ltr'><strong>pro</strong></span> <span class='ocrx_word' id='word_1_5' title='bbox 392 473 526 544; x_wconf 89' lang='lat' dir='ltr'><strong>consule</strong></span> <span class='ocrx_word' id='word_1_6' title='bbox 550 499 628 544; x_wconf 91' lang='lat' dir='ltr'><strong>cum</strong></span> <span class='ocrx_word' id='word_1_7' title='bbox 654 475 794 568; x_wconf 92' lang='lat' dir='ltr'><strong>imperio</strong></span> <span class='ocrx_word' id='word_1_8' title='bbox 812 527 822 562; x_wconf 93' lang='lat'><strong>,</strong></span> <span class='ocrx_word' id='word_1_9' title='bbox 847 499 915 544; x_wconf 91' lang='lat' dir='ltr'><strong>non</strong></span> <span class='ocrx_word' id='word_1_10' title='bbox 940 489 1057 560; x_wconf 87' lang='lat' dir='ltr'><strong>emto,</strong></span> <span class='ocrx_word' id='word_1_11' title='bbox 1081 475 1139 548; x_wconf 85' lang='lat' dir='ltr'><strong>sed</strong></span> <span class='ocrx_word' id='word_1_12' title='bbox 1163 477 1241 548; x_wconf 84' lang='lat' dir='ltr'><strong>dato</strong></span> <span class='ocrx_word' id='word_1_13' title='bbox 1271 504 1290 547; x_wconf 85' lang='lat' dir='ltr'><strong>a</strong></span> 
     </span>
     <span class='ocr_line' id='line_1_3' title="bbox 228 579 1291 676; baseline 0.006 -28"><span class='ocrx_word' id='word_1_14' title='bbox 228 581 342 667; x_wconf 86' lang='lat' dir='ltr'><strong>vobis,</strong></span> <span class='ocrx_word' id='word_1_15' title='bbox 368 606 445 650; x_wconf 89' lang='lat' dir='ltr'><strong>cum</strong></span> <span class='ocrx_word' id='word_1_16' title='bbox 472 579 588 675; x_wconf 85' lang='lat' dir='ltr'><strong>legatis</strong></span> <span class='ocrx_word' id='word_1_17' title='bbox 615 580 724 650; x_wconf 88' lang='lat' dir='ltr'><strong>adhuc</strong></span> <span class='ocrx_word' id='word_1_18' title='bbox 745 581 821 674; x_wconf 87' lang='lat' dir='ltr'><strong>jure</strong></span> <span class='ocrx_word' id='word_1_19' title='bbox 847 583 1047 676; x_wconf 88' lang='lat' dir='ltr'><strong>parentibus.</strong></span> <span class='ocrx_word' id='word_1_20' title='bbox 1076 583 1192 662; x_wconf 74' lang='lat' dir='ltr'><strong>Et‚sd</strong></span> <span class='ocrx_word' id='word_1_21' title='bbox 1214 609 1291 654; x_wconf 83' lang='lat' dir='ltr'><strong>eum</strong></span> 
     </span>
     <span class='ocr_line' id='line_1_4' title="bbox 228 687 1290 784; baseline 0.002 -26"><span class='ocrx_word' id='word_1_22' title='bbox 228 713 428 758; x_wconf 92' lang='lat' dir='ltr'><strong>concurrere</strong></span> <span class='ocrx_word' id='word_1_23' title='bbox 445 689 597 758; x_wconf 90' lang='lat' dir='ltr'><strong>homines</strong></span> <span class='ocrx_word' id='word_1_24' title='bbox 611 689 759 757; x_wconf 90' lang='lat' dir='ltr'><strong>omnium</strong></span> <span class='ocrx_word' id='word_1_25' title='bbox 776 687 929 760; x_wconf 85' lang='lat' dir='ltr'>ordinum</span> <span class='ocrx_word' id='word_1_26' title='bbox 947 691 1215 784; x_wconf 88' lang='lat' dir='ltr'><strong>corruptissumi,</strong></span> <span class='ocrx_word' id='word_1_27' title='bbox 1232 692 1290 760; x_wconf 82' lang='lat' dir='ltr'><strong>fla-</strong></span> 
     </span>
     <span class='ocr_line' id='line_1_5' title="bbox 229 793 1291 890; baseline 0.004 -28"><span class='ocrx_word' id='word_1_28' title='bbox 229 809 363 889; x_wconf 83' lang='lat' dir='ltr'>grantes</span> <span class='ocrx_word' id='word_1_29' title='bbox 384 797 495 890; x_wconf 89' lang='lat' dir='ltr'><strong>inopia</strong></span> <span class='ocrx_word' id='word_1_30' title='bbox 517 808 551 863; x_wconf 91' lang='lat' dir='ltr'><strong>et</strong></span> <span class='ocrx_word' id='word_1_31' title='bbox 570 795 796 889; x_wconf 87' lang='lat' dir='ltr'><strong>cupidinibus,</strong></span> <span class='ocrx_word' id='word_1_32' title='bbox 807 793 975 867; x_wconf 84' lang='lat' dir='ltr'><strong>scelerum</strong></span> <span class='ocrx_word' id='word_1_33' title='bbox 993 797 1194 870; x_wconf 78' lang='lat' dir='ltr'><strong>conscientia</strong></span> <span class='ocrx_word' id='word_1_34' title='bbox 1211 821 1291 866; x_wconf 79' lang='lat' dir='ltr'><strong>cra-</strong></span> 
     </span>
     <span class='ocr_line' id='line_1_6' title="bbox 229 901 1290 997; baseline 0.003 -29"><span class='ocrx_word' id='word_1_35' title='bbox 229 903 324 995; x_wconf 82' lang='lat' dir='ltr'><strong>gitati</strong></span> <span class='ocrx_word' id='word_1_36' title='bbox 340 927 346 968; x_wconf 94' lang='lat'>:</span> <span class='ocrx_word' id='word_1_37' title='bbox 362 901 480 996; x_wconf 89' lang='lat' dir='ltr'><strong>quibus</strong></span> <span class='ocrx_word' id='word_1_38' title='bbox 498 903 589 996; x_wconf 91' lang='lat' dir='ltr'><strong>quies</strong></span> <span class='ocrx_word' id='word_1_39' title='bbox 604 903 639 970; x_wconf 93' lang='lat' dir='ltr'><strong>in</strong></span> <span class='ocrx_word' id='word_1_40' title='bbox 659 901 891 990; x_wconf 84' lang='lat' dir='ltr'><strong>seditionibus,</strong></span> <span class='ocrx_word' id='word_1_41' title='bbox 911 904 946 972; x_wconf 90' lang='lat' dir='ltr'><strong>in</strong></span> <span class='ocrx_word' id='word_1_42' title='bbox 964 927 1046 997; x_wconf 89' lang='lat' dir='ltr'><strong>pace</strong></span> <span class='ocrx_word' id='word_1_43' title='bbox 1063 903 1169 974; x_wconf 74' lang='lat' dir='ltr'><strong>turbas</strong></span> <span class='ocrx_word' id='word_1_44' title='bbox 1187 919 1290 975; x_wconf 86' lang='lat' dir='ltr'><strong>sunt:</strong></span> 
     </span>
     <span class='ocr_line' id='line_1_7' title="bbox 229 1007 1291 1096; baseline 0.004 -20"><span class='ocrx_word' id='word_1_45' title='bbox 229 1007 264 1076; x_wconf 91' lang='lat' dir='ltr'><strong>hi</strong></span> <span class='ocrx_word' id='word_1_46' title='bbox 286 1007 465 1078; x_wconf 90' lang='lat' dir='ltr'><strong>tumultum</strong></span> <span class='ocrx_word' id='word_1_47' title='bbox 484 1033 523 1076; x_wconf 84' lang='lat' dir='ltr'><strong>ex</strong></span> <span class='ocrx_word' id='word_1_48' title='bbox 545 1007 707 1096; x_wconf 82' lang='lat' dir='ltr'><strong>tumultu,</strong></span> <span class='ocrx_word' id='word_1_49' title='bbox 726 1007 848 1080; x_wconf 88' lang='lat' dir='ltr'><strong>bellum</strong></span> <span class='ocrx_word' id='word_1_50' title='bbox 866 1033 906 1078; x_wconf 80' lang='lat' dir='ltr'><strong>ex</strong></span> <span class='ocrx_word' id='word_1_51' title='bbox 926 1009 1013 1078; x_wconf 85' lang='lat' dir='ltr'><strong>bello</strong></span> <span class='ocrx_word' id='word_1_52' title='bbox 1027 1024 1160 1095; x_wconf 81' lang='lat' dir='ltr'><strong>serunt3</strong></span> <span class='ocrx_word' id='word_1_53' title='bbox 1178 1012 1291 1080; x_wconf 90' lang='lat' dir='ltr'><strong>Satur-</strong></span> 
     </span>
     <span class='ocr_line' id='line_1_8' title="bbox 229 1113 1293 1211; baseline 0.005 -30"><span class='ocrx_word' id='word_1_54' title='bbox 229 1114 299 1181; x_wconf 89' lang='lat' dir='ltr'><strong>nini</strong></span> <span class='ocrx_word' id='word_1_55' title='bbox 317 1113 416 1202; x_wconf 89' lang='lat' dir='ltr'><strong>olim,</strong></span> <span class='ocrx_word' id='word_1_56' title='bbox 437 1129 513 1210; x_wconf 92' lang='lat' dir='ltr'><strong>post</strong></span> <span class='ocrx_word' id='word_1_57' title='bbox 524 1114 679 1210; x_wconf 86' lang='lat' dir='ltr'><strong>Sulpicii,</strong></span> <span class='ocrx_word' id='word_1_58' title='bbox 695 1115 771 1184; x_wconf 89' lang='lat' dir='ltr'><strong>dein</strong></span> <span class='ocrx_word' id='word_1_59' title='bbox 793 1117 892 1186; x_wconf 89' lang='lat' dir='ltr'><strong>Marii</strong></span> <span class='ocrx_word' id='word_1_60' title='bbox 909 1118 1183 1211; x_wconf 82' lang='lat' dir='ltr'><strong>Damasippique,</strong></span> <span class='ocrx_word' id='word_1_61' title='bbox 1202 1141 1293 1186; x_wconf 89' lang='lat' dir='ltr'><strong>nuuc</strong></span> 
     </span>
     <span class='ocr_line' id='line_1_9' title="bbox 227 1221 1292 1317; baseline 0.002 -27"><span class='ocrx_word' id='word_1_62' title='bbox 227 1221 347 1314; x_wconf 83' lang='lat' dir='ltr'><strong>Lepidi</strong></span> <span class='ocrx_word' id='word_1_63' title='bbox 368 1221 533 1292; x_wconf 78' lang='lat' dir='ltr'><strong>satellites.</strong></span> <span class='ocrx_word' id='word_1_64' title='bbox 549 1224 711 1292; x_wconf 80' lang='lat' dir='ltr'><strong>Praeterea</strong></span> <span class='ocrx_word' id='word_1_65' title='bbox 728 1224 877 1310; x_wconf 85' lang='lat' dir='ltr'><strong>Etruria,</strong></span> <span class='ocrx_word' id='word_1_66' title='bbox 895 1237 994 1317; x_wconf 86' lang='lat' dir='ltr'><strong>atque</strong></span> <span class='ocrx_word' id='word_1_67' title='bbox 1014 1248 1130 1294; x_wconf 90' lang='lat' dir='ltr'><strong>omnes</strong></span> <span class='ocrx_word' id='word_1_68' title='bbox 1147 1221 1292 1317; x_wconf 78' lang='lat' dir='ltr'><strong>reliquiar</strong></span> 
     </span>
     <span class='ocr_line' id='line_1_10' title="bbox 229 1325 1293 1423; baseline 0.003 -28"><span class='ocrx_word' id='word_1_69' title='bbox 229 1325 306 1396; x_wconf 89' lang='lat' dir='ltr'><strong>belli</strong></span> <span class='ocrx_word' id='word_1_70' title='bbox 328 1344 481 1414; x_wconf 80' lang='lat' dir='ltr'><strong>arrectae3</strong></span> <span class='ocrx_word' id='word_1_71' title='bbox 502 1329 668 1423; x_wconf 78' lang='lat' dir='ltr'><strong>Hispaniae</strong></span> <span class='ocrx_word' id='word_1_72' title='bbox 689 1331 788 1398; x_wconf 86' lang='lat' dir='ltr'><strong>armis</strong></span> <span class='ocrx_word' id='word_1_73' title='bbox 809 1327 1003 1416; x_wconf 74' lang='lat' dir='ltr'><strong>sollicitae¹⁰3</strong></span> <span class='ocrx_word' id='word_1_74' title='bbox 1028 1329 1238 1400; x_wconf 84' lang='lat' dir='ltr'><strong>Mithridates</strong></span> <span class='ocrx_word' id='word_1_75' title='bbox 1256 1331 1293 1398; x_wconf 91' lang='lat' dir='ltr'><strong>in</strong></span> 
     </span>
     <span class='ocr_line' id='line_1_11' title="bbox 229 1430 1293 1530; baseline 0.003 -29"><span class='ocrx_word' id='word_1_76' title='bbox 229 1430 331 1504; x_wconf 88' lang='lat' dir='ltr'><strong>latere</strong></span> <span class='ocrx_word' id='word_1_77' title='bbox 345 1435 556 1530; x_wconf 82' lang='lat' dir='ltr'><strong>vectigalium</strong></span> <span class='ocrx_word' id='word_1_78' title='bbox 569 1450 777 1523; x_wconf 89' lang='lat' dir='ltr'><strong>nostrorum,</strong></span> <span class='ocrx_word' id='word_1_79' title='bbox 790 1435 911 1530; x_wconf 87' lang='lat' dir='ltr'><strong>quibus</strong></span> <span class='ocrx_word' id='word_1_80' title='bbox 926 1436 1036 1506; x_wconf 88' lang='lat' dir='ltr'><strong>adhuc</strong></span> <span class='ocrx_word' id='word_1_81' title='bbox 1049 1451 1293 1522; x_wconf 76' lang='lat' dir='ltr'><strong>sustentamur,</strong></span> 
     </span>
     <span class='ocr_line' id='line_1_12' title="bbox 229 1536 1292 1638; baseline 0.004 -30"><span class='ocrx_word' id='word_1_82' title='bbox 229 1539 315 1609; x_wconf 88' lang='lat' dir='ltr'><strong>diem</strong></span> <span class='ocrx_word' id='word_1_83' title='bbox 338 1540 425 1610; x_wconf 91' lang='lat' dir='ltr'><strong>bello</strong></span> <span class='ocrx_word' id='word_1_84' title='bbox 448 1543 692 1636; x_wconf 87' lang='lat' dir='ltr'><strong>circumspicit:</strong></span> <span class='ocrx_word' id='word_1_85' title='bbox 712 1545 810 1636; x_wconf 92' lang='lat' dir='ltr'><strong>quin,</strong></span> <span class='ocrx_word' id='word_1_86' title='bbox 830 1536 954 1638; x_wconf 77' lang='lat' dir='ltr'><strong>praeter&#39;</strong></span> <span class='ocrx_word' id='word_1_87' title='bbox 972 1542 1129 1622; x_wconf 87' lang='lat' dir='ltr'><strong>idoneum</strong></span> <span class='ocrx_word' id='word_1_88' title='bbox 1148 1542 1292 1630; x_wconf 83' lang='lat' dir='ltr'><strong>ducem,</strong></span> 
     </span>
     <span class='ocr_line' id='line_1_13' title="bbox 227 1646 964 1743; baseline 0.003 -27"><span class='ocrx_word' id='word_1_89' title='bbox 227 1646 311 1716; x_wconf 88' lang='lat' dir='ltr'><strong>nihil</strong></span> <span class='ocrx_word' id='word_1_90' title='bbox 331 1648 426 1718; x_wconf 86' lang='lat' dir='ltr'><strong>abest</strong></span> <span class='ocrx_word' id='word_1_91' title='bbox 440 1648 483 1716; x_wconf 88' lang='lat' dir='ltr'><strong>ad</strong></span> <span class='ocrx_word' id='word_1_92' title='bbox 501 1648 763 1718; x_wconf 84' lang='lat' dir='ltr'><strong>subvortundum</strong></span> <span class='ocrx_word' id='word_1_93' title='bbox 779 1650 964 1743; x_wconf 89' lang='lat' dir='ltr'><strong>imperium.</strong></span> 
     </span>
    </p>
   </div>
   <div class='ocr_carea' id='block_1_3' title="bbox 94 1753 1291 1850">
    <p class='ocr_par' dir='ltr' id='par_1_3' title="bbox 94 1753 1291 1850">
     <span class='ocr_line' id='line_1_14' title="bbox 94 1753 1291 1850; baseline -0.001 -25"><span class='ocrx_word' id='word_1_94' title='bbox 94 1753 98 1760; x_wconf 78' lang='grc'><strong>’</strong></span> <span class='ocrx_word' id='word_1_95' title='bbox 183 1825 189 1839; x_wconf 66' lang='grc'>,</span> <span class='ocrx_word' id='word_1_96' title='bbox 283 1753 384 1842; x_wconf 91' lang='lat' dir='ltr'><strong>Quod</strong></span> <span class='ocrx_word' id='word_1_97' title='bbox 398 1779 460 1849; x_wconf 83' lang='lat' dir='ltr'><strong>ego</strong></span> <span class='ocrx_word' id='word_1_98' title='bbox 471 1779 530 1823; x_wconf 86' lang='lat' dir='ltr'><strong>vos</strong></span> <span class='ocrx_word' id='word_1_99' title='bbox 546 1781 607 1825; x_wconf 86' lang='lat' dir='ltr'><strong>oro</strong></span> <span class='ocrx_word' id='word_1_100' title='bbox 624 1771 725 1850; x_wconf 66' lang='lat' dir='ltr'><strong>aitque</strong></span> <span class='ocrx_word' id='word_1_101' title='bbox 738 1756 892 1842; x_wconf 92' lang='lat' dir='ltr'><strong>obsecro,</strong></span> <span class='ocrx_word' id='word_1_102' title='bbox 910 1759 944 1826; x_wconf 92' lang='lat' dir='ltr'><strong>P.</strong></span> <span class='ocrx_word' id='word_1_103' title='bbox 956 1758 1014 1841; x_wconf 89' lang='lat' dir='ltr'><strong>C.,</strong></span> <span class='ocrx_word' id='word_1_104' title='bbox 1028 1771 1067 1824; x_wconf 91' lang='lat' dir='ltr'><strong>ut</strong></span> <span class='ocrx_word' id='word_1_105' title='bbox 1080 1755 1291 1826; x_wconf 78' lang='lat' dir='ltr'><strong>anirnadvor·</strong></span> 
     </span>
    </p>
   </div>
   <div class='ocr_carea' id='block_1_4' title="bbox 229 1860 1292 1956">
    <p class='ocr_par' dir='ltr' id='par_1_4' title="bbox 229 1860 1292 1956">
     <span class='ocr_line' id='line_1_15' title="bbox 229 1860 1292 1956; baseline 0.003 -29"><span class='ocrx_word' id='word_1_106' title='bbox 229 1861 327 1944; x_wconf 81' lang='lat' dir='ltr'><strong>tatis5</strong></span> <span class='ocrx_word' id='word_1_107' title='bbox 350 1885 415 1930; x_wconf 89' lang='lat' dir='ltr'><strong>neu</strong></span> <span class='ocrx_word' id='word_1_108' title='bbox 436 1863 607 1956; x_wconf 88' lang='lat' dir='ltr'><strong>patiamini</strong></span> <span class='ocrx_word' id='word_1_109' title='bbox 628 1861 795 1934; x_wconf 86' lang='lat' dir='ltr'><strong>licentiam</strong></span> <span class='ocrx_word' id='word_1_110' title='bbox 810 1861 991 1952; x_wconf 86' lang='lat' dir='ltr'><strong>scelerum,</strong></span> <span class='ocrx_word' id='word_1_111' title='bbox 1009 1864 1102 1956; x_wconf 88' lang='lat' dir='ltr'><strong>quasi</strong></span> <span class='ocrx_word' id='word_1_112' title='bbox 1121 1861 1245 1932; x_wconf 84' lang='lat' dir='ltr'><strong>rabiem</strong></span> <span class='ocrx_word' id='word_1_113' title='bbox 1256 1860 1292 1946; x_wconf 88' lang='lat'><strong>¹¹,</strong></span> 
     </span>
    </p>
   </div>
   <div class='ocr_carea' id='block_1_5' title="bbox 227 2062 1294 4055">
    <p class='ocr_par' dir='ltr' id='par_1_5' title="bbox 229 2062 1293 2376">
     <span class='ocr_line' id='line_1_16' title="bbox 229 2062 1293 2136; baseline 0.002 -22"><span class='ocrx_word' id='word_1_114' title='bbox 229 2079 272 2114; x_wconf 77' lang='lat' dir='ltr'><strong>ma</strong></span> <span class='ocrx_word' id='word_1_115' title='bbox 284 2062 367 2116; x_wconf 77' lang='lat' dir='ltr'><strong>movit</strong></span> <span class='ocrx_word' id='word_1_116' title='bbox 380 2075 473 2118; x_wconf 71' lang='lat' dir='ltr'><strong>corsua</strong></span> <span class='ocrx_word' id='word_1_117' title='bbox 486 2064 687 2136; x_wconf 79' lang='lat' dir='ltr'><strong>rempublicam.</strong></span> <span class='ocrx_word' id='word_1_118' title='bbox 699 2096 738 2108; x_wconf 89' lang='lat'>—</span> <span class='ocrx_word' id='word_1_119' title='bbox 781 2083 846 2129; x_wconf 82' lang='lat' dir='ltr'><strong>nus,</strong></span> <span class='ocrx_word' id='word_1_120' title='bbox 856 2063 1005 2135; x_wconf 82' lang='lat' dir='ltr'><strong>Sulpicius,</strong></span> <span class='ocrx_word' id='word_1_121' title='bbox 1016 2063 1126 2116; x_wconf 74' lang='lat' dir='ltr'><strong>Marius.</strong></span> <span class='ocrx_word' id='word_1_122' title='bbox 1140 2064 1181 2114; x_wconf 86' lang='lat' dir='ltr'><strong>De</strong></span> <span class='ocrx_word' id='word_1_123' title='bbox 1196 2064 1293 2116; x_wconf 73' lang='lat' dir='ltr'><strong>Dama·</strong></span> 
     </span>
     <span class='ocr_line' id='line_1_17' title="bbox 231 2141 1289 2216; baseline 0.002 -22"><span class='ocrx_word' id='word_1_124' title='bbox 231 2141 427 2212; x_wconf 66' lang='lat' dir='ltr'><strong>(lacturnum,</strong></span> <span class='ocrx_word' id='word_1_125' title='bbox 437 2157 487 2198; x_wconf 87' lang='lat' dir='ltr'><strong>etc.</strong></span> <span class='ocrx_word' id='word_1_126' title='bbox 497 2145 667 2199; x_wconf 86' lang='lat' dir='ltr'><strong>Recentiores</strong></span> <span class='ocrx_word' id='word_1_127' title='bbox 675 2143 736 2198; x_wconf 82' lang='lat' dir='ltr'><strong>edd.</strong></span> <span class='ocrx_word' id='word_1_128' title='bbox 781 2146 871 2216; x_wconf 78' lang='lat' dir='ltr'><strong>cippo,</strong></span> <span class='ocrx_word' id='word_1_129' title='bbox 885 2142 957 2198; x_wconf 86' lang='lat' dir='ltr'><strong>Vide</strong></span> <span class='ocrx_word' id='word_1_130' title='bbox 970 2144 1126 2206; x_wconf 77' lang='lat' dir='ltr'><strong>Catilinam,</strong></span> <span class='ocrx_word' id='word_1_131' title='bbox 1141 2143 1188 2196; x_wconf 91' lang='lat' dir='ltr'><strong>LI.</strong></span> <span class='ocrx_word' id='word_1_132' title='bbox 1201 2162 1229 2196; x_wconf 81' lang='lat' dir='ltr'><strong>u.</strong></span> <span class='ocrx_word' id='word_1_133' title='bbox 1243 2151 1289 2211; x_wconf 70' lang='lat'><strong>49.</strong></span> 
     </span>
     <span class='ocr_line' id='line_1_18' title="bbox 230 2223 1288 2295; baseline 0 -19"><span class='ocrx_word' id='word_1_134' title='bbox 230 2241 297 2276; x_wconf 83' lang='lat' dir='ltr'><strong>nemo</strong></span> <span class='ocrx_word' id='word_1_135' title='bbox 318 2242 393 2278; x_wconf 84' lang='lat' dir='ltr'><strong>non...</strong></span> <span class='ocrx_word' id='word_1_136' title='bbox 413 2229 546 2280; x_wconf 67' lang='lat' dir='ltr'><strong>maurit.</strong></span> <span class='ocrx_word' id='word_1_137' title='bbox 569 2223 621 2278; x_wconf 90' lang='lat' dir='ltr'><strong>Sed</strong></span> <span class='ocrx_word' id='word_1_138' title='bbox 636 2237 738 2278; x_wconf 75' lang='lat' dir='ltr'><strong>veteres</strong></span> <span class='ocrx_word' id='word_1_139' title='bbox 782 2223 1288 2295; x_wconf 76' lang='lat' dir='ltr'><strong>Omnesbiexfactioneplcbeia,quem</strong></span> 
     </span>
     <span class='ocr_line' id='line_1_19' title="bbox 230 2301 1064 2376; baseline 0.002 -22"><span class='ocrx_word' id='word_1_140' title='bbox 230 2320 337 2368; x_wconf 83' lang='lat' dir='ltr'><strong>omnes,</strong></span> <span class='ocrx_word' id='word_1_141' title='bbox 357 2317 423 2358; x_wconf 84' lang='lat' dir='ltr'><strong>teste</strong></span> <span class='ocrx_word' id='word_1_142' title='bbox 441 2306 553 2372; x_wconf 86' lang='lat' dir='ltr'><strong>Cortio,</strong></span> <span class='ocrx_word' id='word_1_143' title='bbox 567 2325 672 2358; x_wconf 68' lang='lat' dir='ltr'><strong>nean...</strong></span> <span class='ocrx_word' id='word_1_144' title='bbox 686 2324 738 2356; x_wconf 82' lang='lat' dir='ltr'><strong>mu·</strong></span> <span class='ocrx_word' id='word_1_145' title='bbox 780 2305 926 2358; x_wconf 80' lang='lat' dir='ltr'><strong>renovabat</strong></span> <span class='ocrx_word' id='word_1_146' title='bbox 937 2301 1064 2376; x_wconf 85' lang='lat' dir='ltr'><strong>Lepidus.</strong></span> 
     </span>
    </p>

    <p class='ocr_par' dir='ltr' id='par_1_6' title="bbox 227 2380 1293 3414">
     <span class='ocr_line' id='line_1_20' title="bbox 230 2380 1292 2455; baseline 0.001 -21"><span class='ocrx_word' id='word_1_147' title='bbox 230 2387 323 2437; x_wconf 73' lang='lat' dir='ltr'><strong>tamn.</strong></span> <span class='ocrx_word' id='word_1_148' title='bbox 341 2383 444 2438; x_wconf 79' lang='lat' dir='ltr'><strong>Eodem</strong></span> <span class='ocrx_word' id='word_1_149' title='bbox 460 2385 516 2440; x_wconf 85' lang='lat' dir='ltr'><strong>fere</strong></span> <span class='ocrx_word' id='word_1_150' title='bbox 528 2404 614 2440; x_wconf 85' lang='lat' dir='ltr'><strong>sensu.</strong></span> <span class='ocrx_word' id='word_1_151' title='bbox 631 2385 738 2449; x_wconf 85' lang='lat' dir='ltr'><strong>Lectio,</strong></span> <span class='ocrx_word' id='word_1_152' title='bbox 825 2403 867 2438; x_wconf 86' lang='lat' dir='ltr'><strong>ro.</strong></span> <span class='ocrx_word' id='word_1_153' title='bbox 888 2385 1017 2455; x_wconf 72' lang='lat' dir='ltr'><strong>Hispaniae</strong></span> <span class='ocrx_word' id='word_1_154' title='bbox 1034 2382 1235 2436; x_wconf 73' lang='lat' dir='ltr'><strong>amrissollrbitae.</strong></span> <span class='ocrx_word' id='word_1_155' title='bbox 1249 2380 1292 2435; x_wconf 87' lang='lat' dir='ltr'><strong>Se.</strong></span> 
     </span>
     <span class='ocr_line' id='line_1_21' title="bbox 230 2462 1290 2537; baseline -0.002 -21"><span class='ocrx_word' id='word_1_156' title='bbox 230 2479 297 2514; x_wconf 76' lang='lat' dir='ltr'><strong>norro</strong></span> <span class='ocrx_word' id='word_1_157' title='bbox 306 2483 390 2518; x_wconf 76' lang='lat' dir='ltr'><strong>non...</strong></span> <span class='ocrx_word' id='word_1_158' title='bbox 403 2468 544 2518; x_wconf 68' lang='lat' dir='ltr'><strong>mutarunt:</strong></span> <span class='ocrx_word' id='word_1_159' title='bbox 557 2465 678 2518; x_wconf 79' lang='lat' dir='ltr'><strong>-0mnes</strong></span> <span class='ocrx_word' id='word_1_160' title='bbox 687 2483 738 2537; x_wconf 92' lang='lat' dir='ltr'><strong>pro</strong></span> <span class='ocrx_word' id='word_1_161' title='bbox 781 2483 830 2536; x_wconf 90' lang='lat' dir='ltr'><strong>per</strong></span> <span class='ocrx_word' id='word_1_162' title='bbox 841 2464 998 2518; x_wconf 84' lang='lat' dir='ltr'><strong>Sertorium.</strong></span> <span class='ocrx_word' id='word_1_163' title='bbox 1014 2462 1078 2516; x_wconf 88' lang='lat' dir='ltr'><strong>Vid.</strong></span> <span class='ocrx_word' id='word_1_164' title='bbox 1095 2463 1168 2515; x_wconf 82' lang='lat' dir='ltr'><strong>Flor.</strong></span> <span class='ocrx_word' id='word_1_165' title='bbox 1182 2479 1233 2527; x_wconf 77' lang='grc' dir='ltr'><strong>ιη,</strong></span> <span class='ocrx_word' id='word_1_166' title='bbox 1245 2481 1290 2515; x_wconf 79' lang='lat' dir='ltr'><strong>ss.</strong></span> 
     </span>
     <span class='ocr_line' id='line_1_22' title="bbox 228 2540 1290 2598; baseline 0 -4"><span class='ocrx_word' id='word_1_167' title='bbox 228 2542 308 2595; x_wconf 86' lang='lat' dir='ltr'><strong>unius</strong></span> <span class='ocrx_word' id='word_1_168' title='bbox 317 2541 371 2596; x_wconf 80' lang='lat' dir='ltr'><strong>diei</strong></span> <span class='ocrx_word' id='word_1_169' title='bbox 382 2544 503 2598; x_wconf 79' lang='lat' dir='ltr'><strong>mercede</strong></span> <span class='ocrx_word' id='word_1_170' title='bbox 513 2544 595 2596; x_wconf 79' lang='lat' dir='ltr'><strong>vitam</strong></span> <span class='ocrx_word' id='word_1_171' title='bbox 607 2542 710 2598; x_wconf 83' lang='lat' dir='ltr'><strong>darent.</strong></span> <span class='ocrx_word' id='word_1_172' title='bbox 723 2570 734 2592; x_wconf 84' lang='grc' dir='ltr'>ι</span> <span class='ocrx_word' id='word_1_173' title='bbox 781 2543 836 2596; x_wconf 83' lang='lat' dir='ltr'><strong>Alii</strong></span> <span class='ocrx_word' id='word_1_174' title='bbox 848 2545 993 2598; x_wconf 68' lang='lat' dir='ltr'><strong>sollicitare.</strong></span> <span class='ocrx_word' id='word_1_175' title='bbox 1002 2575 1043 2586; x_wconf 87' lang='lat'><em>-</em></span> <span class='ocrx_word' id='word_1_176' title='bbox 1051 2543 1216 2596; x_wconf 69' lang='lat' dir='ltr'><strong>Mithridates.</strong></span> <span class='ocrx_word' id='word_1_177' title='bbox 1227 2540 1290 2594; x_wconf 92' lang='lat' dir='ltr'><strong>Vid.</strong></span> 
     </span>
     <span class='ocr_line' id='line_1_23' title="bbox 228 2621 1292 2693; baseline 0.001 -19"><span class='ocrx_word' id='word_1_178' title='bbox 228 2621 607 2687; x_wconf 76' lang='lat' dir='ltr'><strong>Lectio,nem0....mutaverit:</strong></span> <span class='ocrx_word' id='word_1_179' title='bbox 627 2624 739 2678; x_wconf 69' lang='lat' dir='ltr'><strong>‹Nullus</strong></span> <span class='ocrx_word' id='word_1_180' title='bbox 782 2623 853 2678; x_wconf 83' lang='lat' dir='ltr'><strong>Flor.</strong></span> <span class='ocrx_word' id='word_1_181' title='bbox 874 2641 927 2689; x_wconf 78' lang='grc' dir='ltr'><strong>ιη,</strong></span> <span class='ocrx_word' id='word_1_182' title='bbox 945 2622 1228 2693; x_wconf 61' lang='lat' dir='ltr'><strong>emancipamus.</strong></span> <span class='ocrx_word' id='word_1_183' title='bbox 1252 2651 1292 2664; x_wconf 91' lang='lat'>-</span> 
     </span>
     <span class='ocr_line' id='line_1_24' title="bbox 229 2701 1291 2774; baseline -0.002 -19"><span class='ocrx_word' id='word_1_184' title='bbox 229 2720 279 2772; x_wconf 90' lang='lat' dir='ltr'><strong>pro</strong></span> <span class='ocrx_word' id='word_1_185' title='bbox 295 2703 373 2756; x_wconf 87' lang='lat' dir='ltr'><strong>nnius</strong></span> <span class='ocrx_word' id='word_1_186' title='bbox 392 2702 446 2756; x_wconf 91' lang='lat' dir='ltr'><strong>diei</strong></span> <span class='ocrx_word' id='word_1_187' title='bbox 464 2701 586 2756; x_wconf 77' lang='lat' dir='ltr'><strong>mercede</strong></span> <span class='ocrx_word' id='word_1_188' title='bbox 599 2704 681 2760; x_wconf 75' lang='lat' dir='ltr'><strong>vitum</strong></span> <span class='ocrx_word' id='word_1_189' title='bbox 696 2721 739 2756; x_wconf 82' lang='lat' dir='ltr'><strong>sc·</strong></span> <span class='ocrx_word' id='word_1_190' title='bbox 784 2704 946 2774; x_wconf 69' lang='lat' dir='ltr'><strong>Vectigalium</strong></span> <span class='ocrx_word' id='word_1_191' title='bbox 967 2717 1107 2756; x_wconf 68' lang='lat' dir='ltr'><strong>mmmm.</strong></span> <span class='ocrx_word' id='word_1_192' title='bbox 1137 2701 1291 2754; x_wconf 76' lang='lat' dir='ltr'><strong>Provincia·</strong></span> 
     </span>
     <span class='ocr_line' id='line_1_25' title="bbox 229 2781 1292 2853; baseline 0 -20"><span class='ocrx_word' id='word_1_193' title='bbox 229 2781 343 2851; x_wconf 85' lang='lat' dir='ltr'><strong>ciperet;</strong></span> <span class='ocrx_word' id='word_1_194' title='bbox 367 2783 457 2836; x_wconf 83' lang='lat' dir='ltr'><strong>nullm</strong></span> <span class='ocrx_word' id='word_1_195' title='bbox 485 2781 589 2836; x_wconf 67' lang='lat' dir='ltr'><strong>diurna</strong></span> <span class='ocrx_word' id='word_1_196' title='bbox 611 2783 740 2838; x_wconf 82' lang='lat' dir='ltr'><strong>mercedis</strong></span> <span class='ocrx_word' id='word_1_197' title='bbox 782 2803 842 2836; x_wconf 87' lang='lat' dir='ltr'><strong>rum</strong></span> <span class='ocrx_word' id='word_1_198' title='bbox 862 2784 995 2848; x_wconf 83' lang='lat' dir='ltr'><strong>orientis,</strong></span> <span class='ocrx_word' id='word_1_199' title='bbox 1019 2803 1034 2836; x_wconf 86' lang='lat' dir='ltr'><strong>e</strong></span> <span class='ocrx_word' id='word_1_200' title='bbox 1058 2783 1156 2853; x_wconf 73' lang='lat' dir='ltr'><strong>quibus</strong></span> <span class='ocrx_word' id='word_1_201' title='bbox 1178 2783 1292 2834; x_wconf 77' lang='lat' dir='ltr'><strong>mxima</strong></span> 
     </span>
     <span class='ocr_line' id='line_1_26' title="bbox 227 2858 1293 2936; baseline 0.002 -24"><span class='ocrx_word' id='word_1_202' title='bbox 227 2862 329 2930; x_wconf 80' lang='lat' dir='ltr'><strong>jactura</strong></span> <span class='ocrx_word' id='word_1_203' title='bbox 352 2862 434 2916; x_wconf 77' lang='lat' dir='ltr'><strong>ritem</strong></span> <span class='ocrx_word' id='word_1_204' title='bbox 460 2861 621 2930; x_wconf 80' lang='lat' dir='ltr'><strong>redimeret,</strong></span> <span class='ocrx_word' id='word_1_205' title='bbox 644 2858 739 2926; x_wconf 79' lang='lat' dir='ltr'><strong>(adeo</strong></span> <span class='ocrx_word' id='word_1_206' title='bbox 782 2861 1293 2936; x_wconf 71' lang='lat' dir='ltr'><strong>tribnuexigebentllomsui-Dim</strong></span> 
     </span>
     <span class='ocr_line' id='line_1_27' title="bbox 229 2937 1291 3014; baseline -0.001 -21"><span class='ocrx_word' id='word_1_207' title='bbox 229 2939 295 2994; x_wconf 74' lang='lat' dir='ltr'><strong>viles</strong></span> <span class='ocrx_word' id='word_1_208' title='bbox 309 2954 341 2994; x_wconf 83' lang='lat' dir='ltr'><strong>-et</strong></span> <span class='ocrx_word' id='word_1_209' title='bbox 359 2956 464 3013; x_wconf 74' lang='lat' dir='ltr'><strong>egentes</strong></span> <span class='ocrx_word' id='word_1_210' title='bbox 486 2955 547 2996; x_wconf 85' lang='lat' dir='ltr'><strong>sunt</strong></span> <span class='ocrx_word' id='word_1_211' title='bbox 561 2937 609 3006; x_wconf 83' lang='lat'><strong>).·</strong></span> <span class='ocrx_word' id='word_1_212' title='bbox 632 2943 668 2996; x_wconf 87' lang='lat' dir='ltr'><strong>Et</strong></span> <span class='ocrx_word' id='word_1_213' title='bbox 688 2945 740 2996; x_wconf 90' lang='lat' dir='ltr'><strong>boc</strong></span> <span class='ocrx_word' id='word_1_214' title='bbox 783 2944 844 2996; x_wconf 83' lang='lat' dir='ltr'><strong>bello</strong></span> <span class='ocrx_word' id='word_1_215' title='bbox 870 2946 1033 3014; x_wconf 56' lang='lat' dir='ltr'><strong>cbeurumcit.</strong></span> <span class='ocrx_word' id='word_1_216' title='bbox 1067 2941 1291 3012; x_wconf 68' lang='lat' dir='ltr'><strong>Elegantissim03</strong></span> 
     </span>
     <span class='ocr_line' id='line_1_28' title="bbox 230 3020 1291 3094; baseline 0 -22"><span class='ocrx_word' id='word_1_217' title='bbox 230 3033 301 3074; x_wconf 87' lang='lat' dir='ltr'><strong>certe</strong></span> <span class='ocrx_word' id='word_1_218' title='bbox 315 3023 396 3091; x_wconf 74' lang='lat' dir='ltr'><strong>magis</strong></span> <span class='ocrx_word' id='word_1_219' title='bbox 412 3022 598 3078; x_wconf 77' lang='lat' dir='ltr'><strong>Sallustianum</strong></span> <span class='ocrx_word' id='word_1_220' title='bbox 611 3036 666 3076; x_wconf 85' lang='lat' dir='ltr'><strong>est:</strong></span> <span class='ocrx_word' id='word_1_221' title='bbox 682 3022 738 3077; x_wconf 78' lang='lat' dir='ltr'><strong>vid.</strong></span> <span class='ocrx_word' id='word_1_222' title='bbox 782 3025 857 3094; x_wconf 82' lang='lat' dir='ltr'><strong>quasi</strong></span> <span class='ocrx_word' id='word_1_223' title='bbox 876 3021 948 3083; x_wconf 84' lang='lat' dir='ltr'><strong>dicat</strong></span> <span class='ocrx_word' id='word_1_224' title='bbox 967 3041 975 3075; x_wconf 73' lang='grc' dir='ltr'><strong><em>ε</em></strong></span> <span class='ocrx_word' id='word_1_225' title='bbox 996 3047 1008 3070; x_wconf 77' lang='grc' dir='ltr'>ι</span> <span class='ocrx_word' id='word_1_226' title='bbox 1027 3022 1126 3076; x_wconf 79' lang='lat' dir='ltr'><strong>Ocrrlos</strong></span> <span class='ocrx_word' id='word_1_227' title='bbox 1147 3021 1201 3074; x_wconf 85' lang='lat' dir='ltr'><strong>buc</strong></span> <span class='ocrx_word' id='word_1_228' title='bbox 1229 3020 1291 3072; x_wconf 85' lang='lat' dir='ltr'><strong>illuc</strong></span> 
     </span>
     <span class='ocr_line' id='line_1_29' title="bbox 230 3100 1292 3173; baseline 0 -22"><span class='ocrx_word' id='word_1_229' title='bbox 230 3100 740 3172; x_wconf 71' lang='lat' dir='ltr'><strong>Jug.xxxv111‚n.10.-Pmon-</strong></span> <span class='ocrx_word' id='word_1_230' title='bbox 782 3103 953 3168; x_wconf 80' lang='lat' dir='ltr'><strong>circumfert,</strong></span> <span class='ocrx_word' id='word_1_231' title='bbox 968 3104 991 3156; x_wconf 83' lang='lat' dir='ltr'><strong>si</strong></span> <span class='ocrx_word' id='word_1_232' title='bbox 1006 3121 1059 3173; x_wconf 79' lang='lat' dir='ltr'><strong>qus</strong></span> <span class='ocrx_word' id='word_1_233' title='bbox 1077 3119 1105 3156; x_wconf 84' lang='lat' dir='ltr'><strong>se</strong></span> <span class='ocrx_word' id='word_1_234' title='bbox 1122 3100 1220 3154; x_wconf 76' lang='lat' dir='ltr'><strong>ollem</strong></span> <span class='ocrx_word' id='word_1_235' title='bbox 1235 3117 1292 3152; x_wconf 85' lang='lat' dir='ltr'><strong>mo-</strong></span> 
     </span>
     <span class='ocr_line' id='line_1_30' title="bbox 230 3179 1292 3254; baseline 0 -23"><span class='ocrx_word' id='word_1_236' title='bbox 230 3181 289 3232; x_wconf 84' lang='lat' dir='ltr'><strong>sule.</strong></span> <span class='ocrx_word' id='word_1_237' title='bbox 307 3182 461 3237; x_wconf 80' lang='lat' dir='ltr'><strong>Proconsul.</strong></span> <span class='ocrx_word' id='word_1_238' title='bbox 481 3181 552 3236; x_wconf 86' lang='lat' dir='ltr'><strong>Vide</strong></span> <span class='ocrx_word' id='word_1_239' title='bbox 563 3184 739 3254; x_wconf 68' lang='lat' dir='ltr'><strong>Jngmssrrm,</strong></span> <span class='ocrx_word' id='word_1_240' title='bbox 782 3183 862 3236; x_wconf 81' lang='lat' dir='ltr'><strong>rendi</strong></span> <span class='ocrx_word' id='word_1_241' title='bbox 870 3183 934 3236; x_wconf 87' lang='lat' dir='ltr'><strong>belli</strong></span> <span class='ocrx_word' id='word_1_242' title='bbox 942 3183 1071 3236; x_wconf 73' lang='lat' dir='ltr'><strong>occasio·</strong></span> <span class='ocrx_word' id='word_1_243' title='bbox 1081 3181 1225 3232; x_wconf 72' lang='lat' dir='ltr'><strong>-Pmur</strong></span> <span class='ocrx_word' id='word_1_244' title='bbox 1239 3179 1292 3232; x_wconf 79' lang='lat' dir='ltr'><strong>ido·</strong></span> 
     </span>
     <span class='ocr_line' id='line_1_31' title="bbox 230 3257 1293 3327; baseline 0 -13"><span class='ocrx_word' id='word_1_245' title='bbox 230 3259 387 3327; x_wconf 82' lang='lat' dir='ltr'><strong>XXXVII,</strong></span> <span class='ocrx_word' id='word_1_246' title='bbox 408 3282 435 3316; x_wconf 87' lang='lat' dir='ltr'><strong>n.</strong></span> <span class='ocrx_word' id='word_1_247' title='bbox 462 3283 485 3316; x_wconf 75' lang='lat' dir='ltr'><strong>s.</strong></span> <span class='ocrx_word' id='word_1_248' title='bbox 506 3263 565 3317; x_wconf 87' lang='lat' dir='ltr'><strong>Hoc</strong></span> <span class='ocrx_word' id='word_1_249' title='bbox 585 3265 627 3317; x_wconf 83' lang='lat' dir='ltr'><strong>rel</strong></span> <span class='ocrx_word' id='word_1_250' title='bbox 656 3283 740 3317; x_wconf 88' lang='lat' dir='ltr'><strong>unum</strong></span> <span class='ocrx_word' id='word_1_251' title='bbox 782 3283 851 3318; x_wconf 80' lang='lat' dir='ltr'><strong>neure</strong></span> <span class='ocrx_word' id='word_1_252' title='bbox 865 3262 956 3314; x_wconf 63' lang='lat' dir='ltr'><strong>duum.</strong></span> <span class='ocrx_word' id='word_1_253' title='bbox 977 3261 1175 3314; x_wconf 72' lang='lat' dir='ltr'><strong>Contumeliooe</strong></span> <span class='ocrx_word' id='word_1_254' title='bbox 1189 3257 1293 3314; x_wconf 76' lang='lat' dir='ltr'><strong>dictum</strong></span> 
     </span>
     <span class='ocr_line' id='line_1_32' title="bbox 230 3340 1100 3414; baseline -0.002 -20"><span class='ocrx_word' id='word_1_255' title='bbox 230 3341 326 3411; x_wconf 78' lang='lat' dir='ltr'><strong>probat</strong></span> <span class='ocrx_word' id='word_1_256' title='bbox 350 3343 419 3396; x_wconf 83' lang='lat' dir='ltr'><strong>hanc</strong></span> <span class='ocrx_word' id='word_1_257' title='bbox 447 3345 598 3398; x_wconf 79' lang='lat' dir='ltr'><strong>orationem</strong></span> <span class='ocrx_word' id='word_1_258' title='bbox 622 3345 740 3398; x_wconf 78' lang='lat' dir='ltr'><strong>habitam</strong></span> <span class='ocrx_word' id='word_1_259' title='bbox 782 3344 810 3396; x_wconf 88' lang='lat' dir='ltr'><strong>in</strong></span> <span class='ocrx_word' id='word_1_260' title='bbox 825 3340 921 3414; x_wconf 87' lang='lat' dir='ltr'><strong>Lepidi</strong></span> <span class='ocrx_word' id='word_1_261' title='bbox 931 3341 1100 3412; x_wconf 73' lang='lat' dir='ltr'><strong>imperitiam.</strong></span> 
     </span>
    </p>

    <p class='ocr_par' dir='ltr' id='par_1_7' title="bbox 230 3419 1294 4055">
     <span class='ocr_line' id='line_1_33' title="bbox 230 3419 1292 3496; baseline -0.003 -21"><span class='ocrx_word' id='word_1_262' title='bbox 230 3421 310 3476; x_wconf 71' lang='lat' dir='ltr'><strong>uiue</strong></span> <span class='ocrx_word' id='word_1_263' title='bbox 322 3437 383 3494; x_wconf 82' lang='lat' dir='ltr'><strong>post</strong></span> <span class='ocrx_word' id='word_1_264' title='bbox 397 3424 493 3496; x_wconf 86' lang='lat' dir='ltr'><strong>Lepidi</strong></span> <span class='ocrx_word' id='word_1_265' title='bbox 510 3424 683 3478; x_wconf 82' lang='lat' dir='ltr'><strong>consulatum.</strong></span> <span class='ocrx_word' id='word_1_266' title='bbox 699 3455 740 3468; x_wconf 91' lang='grc'>-</span> <span class='ocrx_word' id='word_1_267' title='bbox 826 3441 871 3476; x_wconf 82' lang='lat' dir='ltr'><strong>rr.</strong></span> <span class='ocrx_word' id='word_1_268' title='bbox 894 3422 974 3491; x_wconf 77' lang='lat' dir='ltr'><strong>Quasi</strong></span> <span class='ocrx_word' id='word_1_269' title='bbox 993 3420 1090 3474; x_wconf 69' lang='lat' dir='ltr'><strong>ntum.</strong></span> <span class='ocrx_word' id='word_1_270' title='bbox 1113 3419 1209 3472; x_wconf 80' lang='lat' dir='ltr'><strong>Curio</strong></span> <span class='ocrx_word' id='word_1_271' title='bbox 1228 3437 1292 3472; x_wconf 80' lang='lat' dir='ltr'><strong>oon·</strong></span> 
     </span>
     <span class='ocr_line' id='line_1_34' title="bbox 230 3500 1291 3574; baseline -0.003 -19"><span class='ocrx_word' id='word_1_272' title='bbox 230 3501 289 3555; x_wconf 81' lang='lat' dir='ltr'><strong>Non</strong></span> <span class='ocrx_word' id='word_1_273' title='bbox 303 3516 396 3574; x_wconf 82' lang='lat' dir='ltr'><strong>empto,</strong></span> <span class='ocrx_word' id='word_1_274' title='bbox 417 3505 461 3556; x_wconf 83' lang='lat' dir='ltr'><strong>sed</strong></span> <span class='ocrx_word' id='word_1_275' title='bbox 471 3507 530 3558; x_wconf 75' lang='lat' dir='ltr'><strong>dato</strong></span> <span class='ocrx_word' id='word_1_276' title='bbox 541 3525 558 3556; x_wconf 83' lang='lat' dir='ltr'><strong>a</strong></span> <span class='ocrx_word' id='word_1_277' title='bbox 572 3505 650 3558; x_wconf 68' lang='lat' dir='ltr'><strong>uobis.</strong></span> <span class='ocrx_word' id='word_1_278' title='bbox 667 3505 739 3558; x_wconf 90' lang='lat' dir='ltr'><strong>Con·</strong></span> <span class='ocrx_word' id='word_1_279' title='bbox 780 3503 862 3574; x_wconf 82' lang='lat' dir='ltr'><strong>jecit,</strong></span> <span class='ocrx_word' id='word_1_280' title='bbox 882 3505 951 3574; x_wconf 79' lang='lat' dir='ltr'><strong>quasi</strong></span> <span class='ocrx_word' id='word_1_281' title='bbox 966 3500 1050 3554; x_wconf 69' lang='lat' dir='ltr'><strong>tabas.</strong></span> <span class='ocrx_word' id='word_1_282' title='bbox 1068 3501 1186 3552; x_wconf 72' lang='lat' dir='ltr'><strong>Frustra.</strong></span> <span class='ocrx_word' id='word_1_283' title='bbox 1202 3500 1291 3570; x_wconf 77' lang='lat' dir='ltr'><strong>aptis·</strong></span> 
     </span>
     <span class='ocr_line' id='line_1_35' title="bbox 230 3579 1294 3656; baseline -0.003 -22"><span class='ocrx_word' id='word_1_284' title='bbox 230 3580 344 3636; x_wconf 83' lang='lat' dir='ltr'><strong>sulatum</strong></span> <span class='ocrx_word' id='word_1_285' title='bbox 356 3583 466 3656; x_wconf 78' lang='lat' dir='ltr'><strong>quidem</strong></span> <span class='ocrx_word' id='word_1_286' title='bbox 485 3585 563 3638; x_wconf 82' lang='lat' dir='ltr'><strong>initio</strong></span> <span class='ocrx_word' id='word_1_287' title='bbox 577 3597 676 3638; x_wconf 79' lang='lat' dir='ltr'><strong>emeret</strong></span> <span class='ocrx_word' id='word_1_288' title='bbox 688 3585 739 3638; x_wconf 82' lang='lat' dir='ltr'><strong>Le·</strong></span> <span class='ocrx_word' id='word_1_289' title='bbox 782 3583 848 3636; x_wconf 87' lang='lat' dir='ltr'><strong>sime</strong></span> <span class='ocrx_word' id='word_1_290' title='bbox 859 3581 927 3636; x_wconf 82' lang='lat' dir='ltr'><strong>dixit</strong></span> <span class='ocrx_word' id='word_1_291' title='bbox 937 3581 1038 3641; x_wconf 75' lang='lat' dir='ltr'><strong>rubim,</strong></span> <span class='ocrx_word' id='word_1_292' title='bbox 1048 3580 1097 3652; x_wconf 89' lang='lat' dir='ltr'><strong>qui</strong></span> <span class='ocrx_word' id='word_1_293' title='bbox 1110 3579 1220 3632; x_wconf 84' lang='lat' dir='ltr'><strong>morbus</strong></span> <span class='ocrx_word' id='word_1_294' title='bbox 1232 3597 1294 3632; x_wconf 86' lang='lat' dir='ltr'><strong>con·</strong></span> 
     </span>
     <span class='ocr_line' id='line_1_36' title="bbox 230 3659 1292 3734; baseline -0.002 -22"><span class='ocrx_word' id='word_1_295' title='bbox 230 3659 309 3732; x_wconf 87' lang='lat' dir='ltr'><strong>pidus</strong></span> <span class='ocrx_word' id='word_1_296' title='bbox 316 3683 324 3728; x_wconf 68' lang='grc' dir='ltr'><strong>ς</strong></span> <span class='ocrx_word' id='word_1_297' title='bbox 331 3664 390 3730; x_wconf 83' lang='lat' dir='ltr'><strong>sed,</strong></span> <span class='ocrx_word' id='word_1_298' title='bbox 398 3667 452 3734; x_wconf 79' lang='lat' dir='ltr'><strong>jem</strong></span> <span class='ocrx_word' id='word_1_299' title='bbox 461 3663 692 3728; x_wconf 78' lang='lat' dir='ltr'><strong>consuli,dederst</strong></span> <span class='ocrx_word' id='word_1_300' title='bbox 702 3683 742 3718; x_wconf 87' lang='lat' dir='ltr'><strong>se-</strong></span> <span class='ocrx_word' id='word_1_301' title='bbox 783 3664 887 3734; x_wconf 71' lang='lat' dir='ltr'><strong>ugione</strong></span> <span class='ocrx_word' id='word_1_302' title='bbox 900 3661 1076 3716; x_wconf 72' lang='lat' dir='ltr'><strong>contrabitur.</strong></span> <span class='ocrx_word' id='word_1_303' title='bbox 1088 3659 1149 3712; x_wconf 81' lang='lat' dir='ltr'><strong>Lir.</strong></span> <span class='ocrx_word' id='word_1_304' title='bbox 1164 3675 1227 3724; x_wconf 78' lang='lat' dir='ltr'><strong>nr,</strong></span> <span class='ocrx_word' id='word_1_305' title='bbox 1238 3661 1292 3723; x_wconf 66' lang='lat'><strong>48:</strong></span> 
     </span>
     <span class='ocr_line' id='line_1_37' title="bbox 231 3737 1294 3816; baseline -0.002 -24"><span class='ocrx_word' id='word_1_306' title='bbox 231 3741 739 3816; x_wconf 63' lang='lat' dir='ltr'><strong>natusexercitusimperiumuid.sup.</strong></span> <span class='ocrx_word' id='word_1_307' title='bbox 787 3769 799 3790; x_wconf 76' lang='grc' dir='ltr'>ι</span> <span class='ocrx_word' id='word_1_308' title='bbox 815 3741 905 3814; x_wconf 87' lang='lat' dir='ltr'><strong>Scipio</strong></span> <span class='ocrx_word' id='word_1_309' title='bbox 926 3739 1025 3794; x_wconf 77' lang='lat' dir='ltr'><strong>casdem</strong></span> <span class='ocrx_word' id='word_1_310' title='bbox 1047 3759 1106 3794; x_wconf 71' lang='lat' dir='ltr'><strong>enm</strong></span> <span class='ocrx_word' id='word_1_311' title='bbox 1125 3739 1231 3810; x_wconf 73' lang='lat' dir='ltr'><strong>signum</strong></span> <span class='ocrx_word' id='word_1_312' title='bbox 1249 3737 1294 3791; x_wconf 86' lang='lat' dir='ltr'><strong>de·</strong></span> 
     </span>
     <span class='ocr_line' id='line_1_38' title="bbox 231 3815 1293 3878; baseline -0.005 -2"><span class='ocrx_word' id='word_1_313' title='bbox 231 3839 258 3873; x_wconf 84' lang='lat' dir='ltr'><strong>n.</strong></span> <span class='ocrx_word' id='word_1_314' title='bbox 275 3825 302 3876; x_wconf 84' lang='lat'><strong>6.</strong></span> <span class='ocrx_word' id='word_1_315' title='bbox 317 3857 357 3867; x_wconf 92' lang='lat'>-</span> <span class='ocrx_word' id='word_1_316' title='bbox 371 3825 418 3878; x_wconf 86' lang='lat' dir='ltr'><strong>Ad</strong></span> <span class='ocrx_word' id='word_1_317' title='bbox 430 3845 483 3877; x_wconf 80' lang='lat' dir='ltr'><strong>eum</strong></span> <span class='ocrx_word' id='word_1_318' title='bbox 498 3843 643 3878; x_wconf 74' lang='lat' dir='ltr'><strong>concurrere.</strong></span> <span class='ocrx_word' id='word_1_319' title='bbox 661 3823 739 3878; x_wconf 85' lang='lat' dir='ltr'><strong>Conl&#39;.</strong></span> <span class='ocrx_word' id='word_1_320' title='bbox 784 3823 905 3876; x_wconf 78' lang='lat' dir='ltr'><strong>lectionis</strong></span> <span class='ocrx_word' id='word_1_321' title='bbox 924 3822 1046 3874; x_wconf 89' lang='lat' dir='ltr'><strong>omnium</strong></span> <span class='ocrx_word' id='word_1_322' title='bbox 1069 3819 1210 3873; x_wconf 78' lang='lat' dir='ltr'><strong>Gallorum</strong></span> <span class='ocrx_word' id='word_1_323' title='bbox 1224 3815 1293 3872; x_wconf 69' lang='lat' dir='ltr'><strong>&#39;esee</strong></span> 
     </span>
     <span class='ocr_line' id='line_1_39' title="bbox 231 3897 1294 3976; baseline -0.001 -24"><span class='ocrx_word' id='word_1_324' title='bbox 231 3897 338 3956; x_wconf 80' lang='lat' dir='ltr'><strong>Catilio.</strong></span> <span class='ocrx_word' id='word_1_325' title='bbox 356 3917 442 3958; x_wconf 86' lang='lat' dir='ltr'><strong>totum</strong></span> <span class='ocrx_word' id='word_1_326' title='bbox 461 3925 518 3976; x_wconf 84' lang='lat' dir='ltr'><strong>cap.</strong></span> <span class='ocrx_word' id='word_1_327' title='bbox 541 3905 684 3958; x_wconf 83' lang='lat' dir='ltr'><strong>XXXVII.</strong></span> <span class='ocrx_word' id='word_1_328' title='bbox 700 3935 741 3947; x_wconf 87' lang='lat'><em>-</em></span> <span class='ocrx_word' id='word_1_329' title='bbox 783 3916 872 3968; x_wconf 77' lang='lat' dir='ltr'><strong>retus,</strong></span> <span class='ocrx_word' id='word_1_330' title='bbox 891 3913 1056 3973; x_wconf 70' lang='lat' dir='ltr'><strong>marmorque</strong></span> <span class='ocrx_word' id='word_1_331' title='bbox 1073 3919 1106 3953; x_wconf 91' lang='lat' dir='ltr'><strong>eo</strong></span> <span class='ocrx_word' id='word_1_332' title='bbox 1118 3899 1232 3964; x_wconf 64' lang='lat' dir='ltr'><strong>melae,</strong></span> <span class='ocrx_word' id='word_1_333' title='bbox 1249 3917 1294 3952; x_wconf 77' lang='lat' dir='ltr'><strong>ve·</strong></span> 
     </span>
     <span class='ocr_line' id='line_1_40' title="bbox 230 3979 1289 4055; baseline -0.004 -17"><span class='ocrx_word' id='word_1_334' title='bbox 230 3979 374 4048; x_wconf 70' lang='lat' dir='ltr'><strong>Saturnini,</strong></span> <span class='ocrx_word' id='word_1_335' title='bbox 392 3998 442 4040; x_wconf 88' lang='lat' dir='ltr'><strong>etc.</strong></span> <span class='ocrx_word' id='word_1_336' title='bbox 458 3985 525 4040; x_wconf 81' lang='lat' dir='ltr'><strong>Satis</strong></span> <span class='ocrx_word' id='word_1_337' title='bbox 548 3985 606 4040; x_wconf 82' lang='lat' dir='ltr'><strong>nori</strong></span> <span class='ocrx_word' id='word_1_338' title='bbox 620 3984 741 4040; x_wconf 76' lang='lat' dir='ltr'><strong>Saturni·</strong></span> <span class='ocrx_word' id='word_1_339' title='bbox 783 3983 931 4055; x_wconf 83' lang='lat' dir='ltr'><strong>lutinjects</strong></span> <span class='ocrx_word' id='word_1_340' title='bbox 943 3982 1022 4044; x_wconf 75' lang='lat' dir='ltr'><strong>relic,</strong></span> <span class='ocrx_word' id='word_1_341' title='bbox 1038 3979 1071 4036; x_wconf 82' lang='lat' dir='ltr'><strong>sd</strong></span> <span class='ocrx_word' id='word_1_342' title='bbox 1087 3997 1160 4034; x_wconf 74' lang='lat' dir='ltr'><strong>arma</strong></span> <span class='ocrx_word' id='word_1_343' title='bbox 1169 3979 1264 4034; x_wconf 79' lang='lat' dir='ltr'><strong>ituros.</strong></span> <span class='ocrx_word' id='word_1_344' title='bbox 1278 4003 1289 4024; x_wconf 77' lang='grc' dir='ltr'>ι</span> 
     </span>
    </p>
   </div>
   <div class='ocr_carea' id='block_1_6' title="bbox 0 0 1463 4660">
    <p class='ocr_par' dir='ltr' id='par_1_8' title="bbox 0 0 1463 4660">
     <span class='ocr_line' id='line_1_41' title="bbox 0 0 1463 4660; baseline 0 0"><span class='ocrx_word' id='word_1_345' title='bbox 0 0 1463 4660; x_wconf 95' lang='lat' dir='ltr'><strong> </strong></span> 
     </span>
    </p>
   </div>
  </div>
 </body>
</html>
