2910 4666
252 411 327 506 390
643 407 918 476 srutusru

251 567 324 610 rum
340 543 390 628 vi,
411 539 556 620 mulcato
572 539 658 609 soede
679 563 835 634 corpore,
853 551 1020 632 postremo
1039 550 1150 604 tamen
1166 533 1299 628 periere.

250 647 361 732 Idem,
387 662 420 716 et
437 649 601 716 Artutcn.
619 650 762 715 Mersus.

303 755 389 822 Nam
408 754 503 822 tertia
519 767 599 820 tuuc
616 766 704 839 erut,
718 767 751 818 ct
765 747 902 820 sublima
913 734 936 772 ²⁵
952 745 1072 816 nebula
1091 745 1209 814 coelum
1227 743 1300 812 ohs-

251 859 396 928 curabnt.
415 861 507 928 Non.

303 964 400 1034 Illum
417 967 528 1033 nautis
546 964 664 1034 sorum.
687 963 792 1032 Idem.

322 1169 483 1237 Outrto
511 1169 649 1236 Mscur
678 1147 867 1234 L1011t11²⁶
895 1185 1067 1232 rursum
1096 1183 1236 1232 russis

650 1321 704 1366 sn
731 1319 906 1365 rursusi.

309 1505 325 1540 tt
338 1477 387 1560 si,
401 1475 565 1561 Quirites,
581 1497 698 1567 parum
717 1468 998 1554 existumaretis²⁷‚
1015 1469 1103 1564 quod
1122 1471 1206 1538 inter
1216 1469 1268 1562 jus
1285 1492 1305 1536 a

250 1580 428 1673 majoribus
452 1579 602 1648 relictum
619 1579 729 1664 vobis,
747 1593 780 1646 ct
799 1579 862 1646 hoc
880 1601 899 1645 a
917 1575 1005 1646 Sulla
1028 1590 1180 1671 paratum
1199 1576 1301 1644 servi·

251 1688 331 1754 tium
350 1687 537 1772 interesset;
558 1684 668 1754 multis
687 1684 766 1752 mihi
784 1683 1009 1753 disserendum
1031 1683 1165 1768 fuisset,
1183 1681 1302 1751 docen-

252 1792 412 1884 dumque,
429 1814 510 1884 quas
531 1791 577 1860 oh
597 1791 748 1882 injurias,
764 1803 796 1858 et
809 1792 959 1884 quotiens
978 1815 995 1858 a
1014 1789 1161 1882 patribus
1179 1800 1303 1856 armate

252 1896 363 1992 plebes
383 1898 584 1990 secessissem
603 1893 715 1990 utique
734 1895 879 1966 vindices
898 1897 1079 1990 paravisset
1098 1895 1204 1964 omnis
1221 1893 1303 1986 juris

254 2005 321 2088 sui,
344 2003 494 2071 tribunos
518 2001 631 2096 plebis.
655 2005 753 2071 Nunc
777 2003 902 2070 hortari
928 2001 1029 2069 modo
1054 1999 1215 2093 reliquum
1238 2011 1304 2084 est,

296 2209 341 2261 25.
369 2209 485 2262 Sublimc.
509 2209 562 2260 Pro
586 2209 700 2260 sublimis.
719 2239 760 2252 -
802 2209 935 2261 consulem
948 2227 1008 2260 cum
1023 2208 1060 2260 M.
1077 2195 1179 2260 Licinio
1195 2208 1304 2270 Crasso,

256 2290 327 2342 Illum
341 2291 515 2356 nauticfcrum.
530 2287 632 2340 Nonius
643 2286 708 2340 dicit
715 2289 759 2354 so·
802 2290 833 2340 Α.
842 2289 897 2350 684
908 2291 983 2357 ,jura
998 2284 1099 2339 tamdiu
1114 2299 1220 2357 tamque
1240 2287 1304 2340 acri·

256 2389 307 2420 rum
334 2367 379 2420 hic
404 2367 541 2420 masculini
568 2368 670 2438 generis
696 2385 759 2420 esse.
803 2379 843 2418 ter
860 2365 991 2420 vindicata
1011 2365 1117 2419 tandem
1136 2367 1237 2438 populo
1251 2385 1304 2418 res·

255 2447 347 2500 Malim
368 2445 475 2500 credere
494 2446 645 2499 Sallustium
666 2444 761 2499 dixisse
802 2446 911 2500 tituisse.

256 2528 322 2579 illum
337 2545 388 2598 pro
404 2527 471 2578 illud.
841 2525 896 2589 Qui
919 2525 964 2578 hic
982 2525 1120 2596 loquitur,
1149 2525 1180 2578 C.
1199 2528 1304 2580 Licinius

300 2609 345 2658 26.
364 2605 452 2658 Orutic
464 2605 547 2658 Macri
558 2605 652 2656 Licinii.
669 2604 761 2657 Memi·
803 2605 901 2664 Macer,
925 2603 1040 2674 ejusdem
1061 2605 1164 2675 gentis,
1188 2605 1235 2660 sed
1251 2624 1303 2658 non

256 2685 325 2738 nisse
336 2685 429 2736 attinet
441 2701 520 2736 omne
531 2684 585 2735 sere
596 2685 638 2754 jus
651 2683 763 2736 tribuni·
803 2681 955 2738 earumdem
985 2684 1100 2756 partium
1128 2697 1203 2750 erat,
1227 2704 1303 2758 quam

257 2764 303 2816 eise
314 2762 450 2833 potestatis
466 2781 480 2814 n
495 2763 526 2814 L.
538 2761 609 2832 sylla
629 2763 761 2815 sublatum
804 2763 841 2816 M.
863 2763 969 2816 Licim'm
992 2763 1111 2825 Crassus,
1140 2777 1231 2833 postea
1246 2783 1305 2818 cum

257 2843 345 2895 fuisse.
360 2839 431 2892 Illud
444 2841 544 2911 primus
556 2841 693 2894 restituere
708 2855 763 2894 ten·
805 2841 905 2895 Caesare
927 2855 953 2896 et
972 2843 1099 2914 Pompeio
1116 2843 1249 2897 triumvir.
1273 2845 1303 2898 C.

257 2918 760 2990 tevitcousulLepidus3dein‚A.U.C.
803 2923 923 2975 Macrum
950 2923 1019 2974 inter
1049 2935 1166 2976 oratores
1188 2923 1306 2978 nominet

259 3002 332 3069 678,
346 2998 459 3052 Sicinius
473 2999 706 3069 tribunusplebis,
718 3001 761 3054 cui
805 3001 861 3056 Cic.
871 3002 914 3053 ur.
927 3020 1011 3054 uvir.
1025 3001 1102 3072 Ejus,
1111 3019 1165 3054 non
1172 3004 1304 3074 vulgteetn

257 3079 360 3132 obstitit
378 3077 469 3130 consul
488 3078 518 3130 C.
540 3077 692 3132 Scribonius
708 3080 761 3132 Cu·
804 3099 879 3145 sane,
895 3093 1005 3133 mortem
1018 3093 1107 3134 narrat
1117 3081 1306 3146 'Vsl.?tisx.rx,

257 3159 307 3210 ric.
332 3159 411 3210 Auno
435 3169 559 3228 sequeme
582 3158 612 3212 C.
640 3159 762 3212 Aurelius
808 3177 859 3223 rs,
873 3179 899 3230 7.
927 3161 1015 3212 Macer
1030 3161 1115 3212 fliium
1130 3161 1305 3216 habuitLioi·

258 3237 352 3303 cotta,
366 3238 457 3289 consul
470 3275 477 3301 ‚
491 3239 533 3308 jus
548 3249 647 3290 ceteros
669 3239 762 3308 megis-
804 3237 880 3291 nium
894 3240 1019 3305 Calvum,
1035 3253 1164 3293 oratorem
1184 3241 1305 3296 Ciceroni

257 3328 339 3368 natus
359 3314 521 3386 adipiscendi
542 3313 659 3369 reddidit
676 3319 761 3370 tribu·
804 3319 832 3370 in
846 3317 950 3372 ditesco
960 3337 1055 3390 genere
1066 3337 1261 3391 propeperem,
1272 3319 1304 3373 de

255 3395 306 3448 nis.
318 3397 411 3450 Cetera
424 3414 579 3468 recuperare
588 3410 762 3460 consciscat,
804 3415 858 3468 quo
869 3398 924 3452 Cic.
937 3399 1011 3451 Brut.
1028 3417 1126 3452 mxxii.

255 3477 287 3528 A.
307 3477 379 3540 680,
401 3476 524 3528 tribunus
542 3476 698 3541 Quinctius;
716 3477 761 3530 sed
846 3497 891 3546 ²7·
911 3477 967 3532 St...
976 3497 1062 3549 porum
1079 3481 1261 3532 existimantis.
1278 3477 1305 3532 Si

256 3555 278 3606 is
301 3573 407 3626 quoque
428 3555 525 3608 frustra
555 3556 613 3607 suit.
640 3557 761 3627 Denique.
803 3575 856 3608 nun
870 3557 1135 3628 setisintelligerotis.
1150 3589 1188 3600 -
1210 3559 1305 3630 Utique.

255 3635 288 3686 Α.
305 3637 376 3698 68ι,
389 3635 421 3686 L.
433 3633 523 3687 Cassio
529 3633 615 3699 Varo,
627 3636 697 3688 etM.
708 3637 760 3689 Te·
803 3635 1010 3708 Ducendumque
1029 3637 1137 3700 fuisset,
1156 3637 1195 3692 uti
1215 3637 1306 3708 :plebes

255 3713 342 3765 centio
352 3712 464 3765 Lucullo
475 3713 638 3778 consulibus,
648 3733 704 3768 rein
717 3714 761 3768 de·
802 3716 1003 3787 sibiperevieeet
1017 3717 1145 3776 tribunos.
1156 3747 1198 3760 -ι
1208 3719 1248 3770 Ire
1256 3721 1306 3788 pri·

254 3809 309 3844 nno
318 3791 468 3863 aggreditur
483 3792 513 3845 C.
528 3791 644 3846 Licinius
658 3794 759 3860 Μεοεη
802 3813 863 3846 mum
877 3799 928 3848 via.
940 3797 1081 3868 Reliquum
1095 3808 1186 3861 est‚ut
1196 3815 1245 3868 qo
1255 3796 1306 3867 pri·

245 3869 674 3942 ,quaternenmqtreodrcditum
683 3873 759 3928 Porn-
801 3873 1304 3946 mtuviamingredisr,qualibertstem

164 4009 173 4018 ,
256 3949 309 4019 peii
326 3948 412 4004 adhuc
431 3951 461 4004 in
476 3950 602 4021 Hispania
618 3952 758 4018 bellantis,
800 3953 929 4008 vindicari
952 3973 1028 4026 posse
1051 3955 1173 4010 arbitror.
1199 3955 1304 4010 Curtius

255 4024 334 4080 dilata
350 4043 397 4082 est.
408 4029 494 4084 Nemo
507 4031 589 4084 nescit
602 4031 757 4104 Pompeium
800 4033 923 4104 intelligit
931 4040 1048 4106 penne,
1066 4046 1127 4088 ente
1136 4033 1242 4090 omnin
