2942 4662
438 361 503 428 Er
537 359 938 428 Aourrlusrtrl.
1145 357 1214 449 541

159 493 235 549 MSS.
251 489 398 546 confirmat.
410 490 536 556 florem,
549 509 641 542 monere
655 509 684 542 rte
696 493 798 562 praemia
813 489 908 542 Metelli
924 493 949 542 iet
965 501 1053 560 pestem
1068 507 1219 554 conuerteret.

160 575 261 628 Omnes
271 571 355 625 nostri
368 572 467 624 habent
478 589 578 623 mouere.

201 655 266 706 Cir.
282 651 379 704 LXXI.
402 651 465 721 Quoe
484 655 533 721 ipse
546 653 680 722 parauisset
693 652 791 716 struere,
807 647 911 720 perfidio
931 649 1023 701 clientis
1037 654 1075 703 sui
1089 667 1219 722 prouertu.

160 733 274 786 flavere.
295 732 372 797 dicit,
393 751 447 804 quae
466 733 514 802 ipse
530 734 662 801 paravisset
677 731 774 797 fauere,
788 728 891 799 perfidia
905 729 997 781 clientis
1018 735 1056 783 sui
1066 747 1219 802 proventum.

160 813 255 866 Multis
264 811 360 883 probat
374 810 481 864 Curtius
494 812 606 864 verbum
620 810 691 871 dicit,
705 809 758 862 hoc
772 810 850 874 loco,
862 821 893 861 ut
907 827 975 880 supe
989 810 1067 877 alibi,
1083 831 1223 886 perperam
1292 845 1293 848 =

161 895 305 957 insenum,
317 889 397 962 idque
407 889 492 953 delet,
504 891 583 943 unius
596 888 694 944 codicis
706 888 767 942 fide.
782 889 858 941 Dolet
868 888 948 943 etism
953 891 1047 956 fucere,
1061 891 1107 944 sed
1119 911 1150 945 ex
1162 913 1224 946 con-

159 976 278 1044 jectum,
301 969 419 1042 illudque
439 971 536 1023 retinet
552 970 611 1041 Bip.
627 971 776 1022 Proveouun
796 987 856 1021 vero
870 987 923 1040 qua
937 971 1091 1023 auctoritate
1106 975 1222 1040 nitatur,

160 1050 280 1107 viderint
293 1051 340 1122 qui
352 1048 423 1103 istud
435 1051 545 1104 malunt.
560 1051 651 1102 Nostri
662 1067 753 1102 omnes
762 1059 789 1101 et
798 1049 933 1116 corcani,
944 1063 1075 1118 prevento.

202 1132 267 1185 Cir.
283 1131 410 1184 LXXIII.
431 1130 534 1182 Senatus
547 1130 632 1200 paullo
653 1141 709 1181 oute
720 1129 819 1184 Metello
832 1129 972 1181 uenum
991 1129 1067 1183 Hanc
1081 1131 1222 1187 lectionem

161 1212 320 1282 egregie,ex
332 1212 385 1264 suis
397 1209 483 1276 MSS„
495 1221 584 1262 tuetur
597 1222 676 1281 atque
690 1207 830 1262 confirmat
842 1209 957 1262 Cortius.
971 1209 1081 1263 llorere.
1097 1213 1142 1262 sed
1153 1233 1223 1266 sena·

163 1303 202 1344 tus
212 1291 297 1362 paullo
312 1302 368 1342 oute
382 1291 481 1343 Metello
492 1289 633 1343 Numidiam
646 1289 786 1344 deenuerot.
797 1289 888 1342 Nostri
900 1287 978 1341 codd.
993 1308 1048 1341 non
1059 1291 1146 1344 minus
1159 1294 1185 1346 l1.
1204 1295 1223 1348 l.

162 1372 278 1434 variant,
294 1388 373 1441 quum
389 1370 517 1424 Cortioni.

205 1450 270 1504 Cir.
287 1449 412 1502 LXXIV.
428 1450 508 1502 Ceteri
524 1467 641 1503 omues...
655 1451 735 1520 primo
747 1466 859 1500 concursu
869 1447 936 1518 pulsi
943 1449 1081 1522 fugatique.
1095 1447 1139 1504 Sic
1149 1453 1222 1507 Cort.

165 1549 200 1584 ex
214 1530 315 1602 aliquot
325 1529 399 1582 MSS.
412 1529 504 1583 Nostri
515 1547 606 1582 omues
620 1542 647 1582 ot
661 1529 771 1582 lisverc.
785 1533 864 1598 primo
875 1547 1009 1598 congressu.

208 1610 311 1662 Romani
326 1613 447 1679 signorum
458 1621 483 1660 et
492 1629 610 1661 armorum
624 1609 747 1679 aliquanto
762 1627 868 1670 nurtero,
889 1609 989 1660 hostium
1001 1628 1131 1679 paucorum
1142 1615 1226 1682 potiti.

164 1689 278 1742 llorere.
301 1701 328 1742 et
348 1689 433 1742 nostri
454 1701 585 1761 quotuor,
601 1701 632 1742 ut
650 1690 679 1741 in
698 1699 762 1740 notu
779 1687 961 1740 indicavimus.
985 1688 1007 1740 E
1023 1691 1105 1760 magis
1127 1692 1228 1746 accedit

167 1767 203 1822 ad
222 1787 311 1822 veram
324 1768 483 1822 lectionem:
500 1769 604 1820 Romani
618 1771 740 1838 sigrwrum
754 1769 878 1840 aliquanto
892 1787 1004 1835 numero,
1019 1770 1119 1823 hostium
1136 1792 1228 1844 pauco·

167 1869 220 1901 reon
231 1851 307 1919 potiti
319 1860 382 1901 suot.

208 1928 340 1986 Numidas,
363 1932 388 1981 io
403 1927 509 1980 omuibus
525 1928 634 1999 pmliis,
647 1927 719 1998 pedet
739 1931 816 1998 magis
830 1945 900 2000 quam
916 1946 983 1979 armo
999 1940 1051 1980 tutu
1070 1941 1133 1983 suut.
1154 1932 1228 1986 Dixit

169 2020 223 2061 tuta
243 2027 292 2080 pro
307 2019 397 2070 utura,
416 2008 459 2060 vel
478 2011 547 2060 uita.
570 2007 645 2060 MSS.
657 2007 761 2060 variant
774 2009 842 2060 inter
864 2017 934 2070 tuta,
954 2019 1049 2071 tutata,
1067 2013 1126 2072 tuti,
1148 2017 1228 2066 ructet,

167 2089 210 2142 Ex
224 2088 336 2154 nostris,
346 2089 382 2153 A,
395 2099 447 2138 tuto
461 2101 524 2140 sterit.
536 2087 571 2151 B,
581 2089 620 2152 D,
633 2087 669 2152 E,
681 2091 769 2150 tutati:
778 2087 814 2152 C,
827 2097 913 2138 tuturo
930 2085 1035 2140 Cottius
1049 2099 1076 2141 ct
1088 2089 1154 2144 Hor.
1168 2104 1228 2145 tuto.

210 2169 275 2221 Cir.
295 2167 420 2221 LXXIV.
435 2167 478 2219 Eo
488 2169 554 2237 sugo
567 2169 690 2238 imperitius
704 2167 773 2219 modo
788 2167 855 2218 relus
873 2171 921 2218 suis
935 2165 1056 2236 diffidens.
1074 2168 1184 2226 Haverc.
1205 2185 1232 2225 et

168 2247 255 2302 nostri
273 2265 378 2315 omnes,
398 2266 427 2298 ea
435 2249 502 2316 suga
521 2247 658 2316 Iugurtha,
675 2259 724 2300 etc.
747 2248 847 2299 Vocem
868 2245 1005 2316 iugurtha,
1025 2266 1105 2318 qum
1125 2250 1232 2306 Curtius

170 2326 283 2390 delevit,
296 2327 384 2380 iorum
395 2327 715 2398 satiusiueritrepoulre.
935 2333 938 2342 '

212 2408 245 2460 ld
257 2407 369 2478 oppidum
383 2425 494 2476 magnios
508 2418 533 2458 et
543 2407 685 2478 opulentum.
701 2405 745 2459 Sic
756 2405 867 2458 Haverc.
879 2417 906 2458 et
917 2417 1006 2461 noster
1016 2407 1047 2460 E.
1058 2407 1160 2475 Ceteri,
1171 2429 1232 2463 cum

170 2487 280 2552 Curtio,
294 2491 320 2538 io
332 2487 452 2558 oppidano.

216 2567 264 2620 Ubi
280 2567 388 2638 plerique
405 2568 517 2619 thesauri.
536 2566 595 2619 lloc
609 2565 704 2647 recipit
724 2578 751 2619 et
772 2577 863 2618 tuetur
878 2566 992 2620 Cottius.
1012 2566 1104 2620 Nostri
1123 2587 1231 2633 omnes,

173 2646 268 2719 ibi'que,·
280 2647 331 2699 nisi
345 2645 434 2717 quod,
447 2647 475 2699 in
489 2647 524 2712 B,
537 2664 608 2699 erosa
622 2659 661 2699 est
670 2646 798 2717 porticula
812 2665 864 2717 que.

213 2725 301 2796 Spatia
311 2727 408 2778 militam
420 2729 602 2799 quinquaginta.
612 2726 724 2780 Haverc.
737 2731 762 2778 in
769 2728 856 2797 spatio.
868 2726 938 2780 Item
950 2725 1035 2779 nostri
1045 2743 1143 2782 omnes.
1159 2729 1234 2784 Cort.

173 2805 274 2860 delevit
286 2809 325 2868 io,
342 2806 437 2878 optimi
452 2803 550 2859 codicis
565 2805 627 2859 fide.

217 2885 269 2956 Qui
281 2905 307 2938 se
310 2897 368 2956 post
381 2890 443 2956 rupis
457 2887 546 2955 sugam
563 2887 662 2940 Metello
682 2886 804 2939 dederont.
825 2885 938 2940 Haverc.
952 2886 1099 2941 dediderunt.
1117 2889 1236 2944 Cortiani

174 2983 268 3019 omncs
281 2966 437 3037 nostrique,
451 2967 573 3019 dederunt.

217 3044 282 3098 Cir.
294 3045 406 3099 LXXV.
423 3046 472 3098 Ubi
481 3047 516 3097 od
530 3047 558 3097 id
570 3048 617 3098 loci
629 3059 738 3109 uermm,
752 3066 798 3120 quo
813 3045 926 3100 Numidis
941 3061 1097 3120 preceperat.
1117 3047 1237 3115 Scilicet,

176 3144 232 3198 quo
247 3137 406 3197 praeoeperut
418 3126 517 3179 venire.
533 3125 644 3180 llorere.
659 3127 785 3194 Quod...
795 3138 962 3196 praeceperat,
976 3128 1064 3181 minus
1079 3130 1155 3182 bene.
1170 3131 1237 3183 Cor-

176 3207 231 3260 tius
245 3217 336 3258 tuetur
348 3226 394 3278 quo
409 3205 498 3258 multis
513 3203 595 3257 MSS(

220 3284 284 3337 Cir.
308 3286 432 3339 LXXVI.
455 3284 549 3336 Deinde
569 3285 640 3345 locis,
655 3303 685 3335 ee
705 3287 788 3353 copia,
809 3302 917 3336 maxume
936 3285 1027 3336 idoneis
1044 3289 1128 3338 vineas
1149 3305 1235 3357 agere,

178 3384 290 3436 aggerem
296 3368 392 3434 jacere,
404 3377 429 3417 et
441 3382 512 3435 super
523 3381 634 3433 aggerem
645 3365 758 3431 impositis
767 3361 881 3423 turribus,
893 3383 951 3433 opus
962 3377 985 3415 et
993 3365 1143 3416 adtitutiuros
1155 3371 1237 3421 tutori,

178 3445 223 3498 Sic
236 3456 322 3497 totum
334 3445 403 3511 hoo,
419 3443 532 3498 excussis
546 3441 687 3513 diligenter
701 3440 823 3494 codicum
835 3443 914 3494 variis
933 3443 1106 3510 lectionibus,
1117 3447 1239 3517 concepit

179 3524 295 3579 conius.
309 3525 419 3578 llorere.
431 3523 526 3576 Deinde
535 3524 609 3594 jubet
622 3521 693 3583 heis,
703 3541 733 3574 ee
741 3525 821 3593 eopia,
834 3539 942 3574 marum
954 3523 1043 3575 idoneis
1055 3527 1138 3576 uineas
1150 3545 1240 3594 ogere:

179 3623 313 3676 superque
325 3623 368 3658 eus
382 3623 492 3675 aggerem
500 3605 589 3674 jacere,
599 3613 623 3653 et
634 3621 705 3671 super
717 3619 827 3670 aggerem
834 3604 948 3671 impositis
960 3604 1073 3664 tuentius,
1085 3617 1134 3658 etc.
1149 3605 1239 3658 Primo

175 3684 249 3756 jubet
261 3703 276 3736 a
290 3685 412 3755 pluribus
434 3683 508 3736 MSS.
525 3683 613 3736 obesse
634 3693 743 3734 testatur
765 3682 881 3735 Cortius.
897 3681 1001 3736 Deinde
1020 3683 1078 3755 quis
1094 3703 1149 3737 oon
1168 3685 1242 3738 videt

182 3783 263 3837 quam
280 3763 423 3817 absurdum
438 3764 471 3817 sit
483 3761 566 3828 illud,
576 3766 692 3832 imponere
706 3775 817 3832 aggerem
831 3781 903 3832 super
915 3769 999 3816 vitreus
1009 3771 1027 3815 ι’
1037 3765 1115 3817 Certe
1129 3765 1175 3835 qui
1191 3767 1242 3819 hoc

183 3843 307 3898 Sallustio
326 3844 454 3909 obtmsit,
476 3861 613 3914 nunquam
632 3840 780 3906 audiverat,
798 3841 864 3913 quid
879 3843 932 3896 sint
947 3844 1046 3909 rheu,
1062 3857 1106 3896 sut
1125 3844 1190 3916 quid
1210 3847 1243 3900 sit

184 3941 269 3995 agger.
284 3924 408 3979 Ceterum
419 3923 502 3976 nostri
516 3941 607 3975 omnes
619 3922 670 3973 hoc
685 3921 782 3974 mendo
797 3922 927 3976 laborant.
959 3941 962 3950 ’

224 4003 289 4058 Co.
307 4005 445 4060 LXXVII.
463 4003 575 4064 Deinde,
599 4002 640 4053 ubi
660 4021 688 4053 eu
710 4007 842 4073 impetrato.
860 4003 1000 4074 Perperam
1022 4003 1080 4076 Bip.
1104 4003 1174 4059 delet
1189 4007 1229 4059 ubi
1235 4044 1243 4068 ‚
