2910 4666
512 339 854 407 FRAGMENTA.
1141 338 1215 411 363

152 473 196 544 ad
214 474 360 568 integros
377 469 533 546 contactu
551 470 740 566 procedere.
758 472 864 558 Nam,
886 469 943 543 ubi
960 469 1065 541 malos
1083 473 1218 567 praemia

152 594 352 676 sequuntur,
370 577 461 648 haud
483 576 578 647 facilc
597 579 771 673 quisquam
793 579 936 673 gratuito
957 579 1064 648 bonus
1086 593 1144 649 est
1163 581 1216 648 An

151 679 367 783 eispcctatis,
389 685 486 772 dum,
508 686 657 754 exercitu
677 709 792 754 rursus
805 683 941 754 admoto
954 683 990 773 ¹²,
1009 685 1097 756 ferro
1119 700 1217 781 atque

153 795 287 864 flamma
306 793 424 862 urbem
449 789 607 860 invadat?
625 791 716 886 quod
736 789 842 862 multo
863 793 999 887 propius
1021 807 1071 862 est
1091 793 1133 862 ab
1154 818 1217 880 eo,

152 926 221 996 quo
242 901 358 995 agitat,
372 913 486 986 statu,
511 922 611 994 quam
632 923 673 968 ex
698 923 781 994 pace
804 913 839 966 et
861 897 1039 968 concordia
1062 899 1104 968 ad
1125 923 1218 968 arma

152 1007 287 1078 civilia:
307 1031 380 1101 quae
397 1005 450 1074 ille
471 1005 650 1074 advorsum
674 1005 786 1074 divina
809 1019 843 1074 et
862 1004 1011 1074 humana
1030 1007 1141 1074 omnia
1161 1031 1217 1075 ce·

150 1116 219 1209 pit,
238 1139 307 1183 non
320 1139 382 1208 pro
403 1137 479 1199 sua,
491 1127 549 1200 aut
560 1137 702 1207 quorum
714 1110 863 1200 simulat,
877 1112 1012 1205 injuria,
1029 1111 1087 1182 sed
1104 1112 1216 1207 legum

153 1245 194 1288 ac
206 1218 362 1290 libertatis
373 1219 614 1288 subvertundae.
630 1219 772 1314 Angitur
787 1219 874 1286 enim
890 1241 929 1288 ac
940 1217 1103 1288 laceratur
1115 1220 1216 1287 animi

151 1326 307 1422 cupidine
328 1341 361 1395 et
377 1349 539 1394 noxarum
558 1340 666 1414 metu,
686 1349 803 1420 expers
821 1323 964 1413 consilii,
981 1326 1125 1419 inquies,
1143 1325 1216 1395 haec

151 1448 252 1527 atque
262 1429 316 1502 illa
334 1447 481 1520 tentans3
499 1434 617 1502 metuit
636 1433 761 1520 otium,
777 1431 847 1500 odit
864 1423 1008 1518 bellum,
1024 1430 1103 1501 luxu
1117 1445 1215 1526 atque

150 1537 283 1608 licentia
304 1539 484 1608 carendum
515 1539 625 1624 videt,
653 1553 751 1634 atque
774 1539 905 1608 interim
934 1538 1079 1608 abutitur
1105 1553 1216 1608 vestre

151 1646 309 1716 secordia.
322 1649 439 1741 Neque
448 1647 529 1714 mihi
542 1648 619 1716 satis
634 1644 762 1716 consilii
771 1630 807 1734 ¹³,
822 1660 966 1734 metum,
978 1670 1021 1716 an
1032 1647 1218 1742 ignaviam,

151 1877 195 1890 ·-
206 1845 255 1900 Ubi
262 1847 337 1898 malos
343 1850 445 1918 promia
456 1859 592 1920 sequuntur.
602 1847 661 1900 Liv.
706 1864 781 1898 mum
796 1864 928 1918 quemque
946 1847 1018 1899 ferro
1032 1859 1077 1900 aut
1096 1848 1157 1919 fuga
1175 1866 1217 1900 ex·

152 1945 201 1994 tv,
224 1944 262 1979 o:
286 1952 297 1974 ι
313 1928 396 1999 Cujus
415 1927 454 1979 rei
473 1927 612 1999 praemium
630 1928 664 1980 sit
706 1926 806 1980 stinxit.
821 1926 1014 1979 Memoraverat
1030 1926 1101 1980 enim
1119 1927 1217 1980 milites

150 2005 320 2069 incivitate,
343 2026 401 2060 eam
420 2007 541 2060 maxiusis
559 2025 663 2078 semper
707 2005 843 2058 Satumini
867 2006 932 2057 olim
953 2018 980 2058 et
1000 2005 1131 2078 Sulpicii,
1156 2017 1217 2078 post

153 2087 275 2140 auctibus
293 2105 421 2152 crescere;
437 2087 474 2140 sic
486 2105 551 2159 pace
563 2087 663 2154 bonos,
706 2085 786 2138 Marii
799 2085 1004 2157 Damasippique
1016 2086 1147 2140 satellites.
1164 2084 1217 2139 sed

151 2167 192 2220 sic
212 2167 283 2220 bello
308 2167 375 2219 fleri.
401 2167 548 2219 Maximum
572 2167 663 2218 Romae
706 2163 863 2218 admovebat
875 2167 929 2236 jam
944 2177 1002 2218 tum
1015 2166 1159 2219 exercitum
1173 2185 1217 2218 ur-

151 2247 293 2320 preamium
316 2245 477 2300 seditionum
491 2265 570 2311 esse;
589 2243 618 2298 id
637 2257 664 2298 et
705 2245 743 2298 bi.
761 2271 772 2292 ι
798 2243 929 2298 Preterea
949 2257 1026 2316 putat
1048 2247 1140 2299 Douaa
1159 2264 1216 2300 non

151 2327 450 2399 singulisuniversisque
456 2345 560 2398 semper
566 2325 664 2378 honori
706 2325 819 2396 amplius
834 2343 914 2397 qum
928 2325 1008 2379 semel
1021 2326 1167 2379 exercitum
1181 2323 1216 2378 ad

152 2407 242 2460 fuisse.
259 2431 271 2454 ι
286 2405 380 2475 Idem,
393 2426 438 2475 rr,
452 2407 513 2461 35:
536 2433 547 2455 ι
561 2407 601 2458 Εο
615 2405 664 2458 im·
706 2423 815 2458 romena
843 2404 939 2458 moenia
963 2403 1110 2458 admovisse
1135 2406 1216 2478 Lepi·

151 2483 237 2560 pendi
246 2487 364 2540 laborem
375 2505 404 2540 ac
414 2488 580 2560 periculum,
590 2483 663 2538 unde
706 2483 779 2537 dum.
799 2485 865 2550 Quae
884 2485 1018 2538 monuisse
1032 2485 1094 2538 satis
1111 2486 1153 2540 sit.
1175 2517 1217 2532 —·

152 2565 363 2620 emolamentum
379 2579 458 2639 atque
472 2567 558 2620 bonos
573 2584 663 2638 spere·
708 2564 784 2634 Quod
793 2566 867 2617 multo
876 2569 974 2636 propius
984 2577 1027 2618 est.
1044 2565 1103 2618 Hoc
1115 2567 1215 2638 optime

153 2659 208 2702 tur.
216 2645 292 2698 Nihn
297 2663 525 2718 nonspgressuros
533 2646 664 2712 homines,
706 2645 813 2698 Cortius
826 2645 1034 2716 interpretatur:
1049 2671 1060 2693 ι
1072 2645 1153 2711 Quod
1166 2641 1217 2708 (ut

152 2727 292 2796 simugna
311 2727 412 2780 conatis
436 2745 531 2799 magua
555 2726 664 2798 pramis
706 2725 835 2779 exercitus
849 2726 910 2778 urbi
922 2722 1114 2789 admoveatur)
1128 2727 1216 2780 minus

153 2817 349 2879 proponantur.
367 2831 379 2854 ι
706 2805 779 2859 abest
793 2806 827 2858 ab
838 2824 888 2871 eo,
903 2806 932 2858 in
945 2825 1000 2878 quo
1013 2825 1085 2860 nunc
1098 2805 1216 2879 Lepidus

198 2903 245 2939 υ.
266 2886 385 2938 Exercitu
399 2905 479 2939 meus
499 2886 602 2939 admoto.
623 2885 665 2939 Ex
706 2898 745 2938 est
753 2895 1027 2958 statu,quamepace
1035 2900 1063 2940 et
1073 2885 1216 2940 concordia

153 2966 207 3019 hoe
225 2965 284 3037 ipso
304 2965 381 3030 Ιοοο,
398 2979 425 3018 et
444 2966 571 3019 orationis
591 2966 664 3031 line,
707 2966 803 3019 absunt
817 2966 906 3020 civilia
922 2985 1008 3034 armu3
1023 2967 1076 3020 hoc
1091 2968 1217 3021 senlaci-

153 3045 203 3098 ubi
218 3045 373 3098 nominatur
390 3047 520 3117 proconsul
539 3047 664 3112 Catulus,
706 3045 759 3100 lius
778 3047 864 3098 multo
879 3045 979 3100 adhoc
998 3047 1140 3102 consilium
1161 3047 1215 3100 labi

154 3125 294 3196 etAppius
308 3129 422 3188 merres,
433 3125 497 3178 item
507 3145 539 3178 ex
552 3126 664 3178 eliorum
706 3138 809 3198 potest,
827 3138 857 3179 ut
876 3127 970 3180 urbem
988 3125 1112 3193 invadat,
1131 3147 1214 3199 quum

153 3218 295 3259 motorum
307 3206 503 3278 companctione
519 3205 665 3277 colligitDe
707 3207 837 3259 exercitus
854 3206 943 3260 illisit
962 3207 991 3259 in
1011 3225 1113 3272 mma,
1136 3225 1217 3278 quem

153 3285 267 3346 Breues,
277 3285 347 3339 banc
357 3286 518 3352 orationem,
527 3305 582 3338 non
592 3299 665 3354 ente,
707 3286 784 3340 facile
796 3284 936 3338 ridebatur
951 3305 965 3338 a
980 3285 1121 3340 concordia
1131 3299 1159 3339 et
1168 3305 1216 3358 pa·

154 3363 203 3420 sed
213 3377 276 3437 post
295 3385 414 3438 pugnam
426 3364 460 3419 ad
475 3378 585 3438 pontem
605 3365 666 3418 Mil·
707 3383 776 3418 ce....
787 3363 820 3417 ud
830 3365 897 3418 bella
905 3365 994 3418 civilia
1004 3364 1156 3419 desciscere.
1168 3367 1217 3418 Est

153 3447 245 3510 vim,
259 3445 378 3498 habitam
395 3445 534 3511 fuisse,ut
548 3443 664 3498 diximus
708 3445 842 3498 conclusio
864 3447 996 3516 amajore
1023 3443 1057 3498 sd
1079 3445 1177 3498 minus.
1201 3469 1214 3492 ι

155 3545 213 3598 sup.
229 3545 257 3579 n,
278 3543 302 3578 1.
316 3525 401 3596 Igitur
420 3525 477 3580 lanc
493 3525 587 3591 verba,
601 3545 666 3578 euers
708 3525 788 3595 Prope
806 3545 854 3577 esse
871 3525 905 3578 ab
928 3545 968 3587 re,
987 3543 1038 3597 pro
1056 3544 1104 3577 non
1119 3525 1217 3576 multum

155 3610 204 3658 cun
213 3625 296 3658 narsus
304 3605 415 3667 adaucto,
426 3605 666 3659 commonefaciunt
708 3605 798 3657 distare
804 3644 812 3668 ‚
821 3606 972 3677 frequemer
983 3617 1135 3677 usurpatur.
1146 3604 1216 3657 Pliu.

154 3699 242 3758 patres
250 3685 593 3756 conscriptos,iterumjam
603 3686 666 3738 urbi
709 3692 824 3753 πως
843 3712 854 3734 ι
871 3687 939 3738 Tam
951 3705 1036 3757 prope
1059 3687 1092 3737 ab
1114 3685 1217 3757 arigim

154 3767 299 3820 exercitum
309 3763 449 3818 admovere
456 3765 666 3838 lepidumNou
709 3782 800 3818 rerum
811 3784 911 3819 sumus.
924 3792 935 3814 a
950 3765 1012 3820 Tac.
1025 3764 1094 3818 Hist.
1109 3783 1149 3829 rr,
1162 3767 1215 3836 76:
1247 3764 1252 3774 '

155 3858 243 3899 tamen
252 3845 371 3898 reticebo
381 3845 502 3899 Cortiurn
510 3845 601 3900 eadem
609 3863 666 3898 rer*
713 3870 725 3892 ι
738 3846 1033 3916 Acontumelie,quem
1043 3841 1146 3900 alaude
1157 3863 1219 3916 pro·

155 3927 243 3979 basio
257 3925 448 3996 interpretari:
471 3952 484 3974 ι
502 3927 550 3979 Uti
570 3943 666 3998 nempe
709 3925 769 3998 pins
784 3925 875 3988 buerit,
890 3938 951 3996 post
964 3925 1103 3979 Vitellium
1114 3925 1183 3996 elrgr
1203 3951 1215 3972 ι

157 4005 259 4060 Murius
272 4004 391 4059 admovit
404 4005 480 4072 urbi,
495 4017 523 4060 et
536 4005 667 4060 nobilissi·
753 4006 797 4060 13.
813 4005 898 4078 Neque
912 4007 971 4059 mitt
980 4009 1040 4059 satis
1054 4005 1156 4060 consilii.
1168 4006 1220 4060 Eo·
