2950 4648
298 351 370 437 482
610 349 679 416 AD
706 349 743 416 C.
773 347 1036 417 CAESAREM

294 489 446 560 omnibus
464 488 577 582 primae
595 485 706 556 classis
723 486 881 556 mittenda
904 501 1037 581 putem,
1060 513 1133 583 que
1154 490 1354 588 descriptio,

292 599 348 691 qui
362 619 519 664 numerus
532 595 565 662 iu
581 619 711 688 quoque
729 619 848 688 genere
869 592 998 662 futurus
1012 596 1066 666 sit.¹
1081 599 1131 663 Ea
1144 598 1224 666 mihi
1240 605 1352 669 omnia

293 703 471 796 generatim
490 701 695 788 describere,
714 701 803 769 lraud
824 698 956 768 difficile
974 700 1064 769 factu
1085 702 1166 790 luit3
1184 705 1242 773 sed
1259 710 1351 800 prius

291 807 508 878 laborandum
527 809 633 876 visum
652 821 701 876 est
718 807 760 875 de
774 829 902 876 summa
916 806 1060 894 consilii,
1078 809 1175 904 idque
1192 812 1253 878 tibi
1272 839 1348 907 pro

289 915 435 984 bandum
447 940 561 984 verum
575 939 645 983 esse
656 939 663 981 :
675 915 700 982 si
717 914 781 983 boc
795 915 910 982 itinere
919 916 966 981 uti
980 913 1182 1003 decreveris,
1194 933 1304 986 cetera
1315 921 1349 988 in

289 1036 423 1116 promtu
437 1036 542 1090 erunt.
560 1019 646 1090 Volo
661 1045 723 1114 ego
740 1019 912 1089 consilium
929 1045 1039 1089 meum
1055 1023 1219 1116 prudens,
1239 1048 1350 1093 maxu-

289 1152 405 1222 meque
421 1130 494 1198 usui
512 1153 581 1197 esse
594 1154 603 1215 ;
615 1151 692 1196 nam
711 1127 911 1220 ubicumque
922 1127 981 1194 tibi
994 1151 1045 1196 res
1065 1155 1223 1223 prospere
1235 1131 1348 1218 cedet,
1444 1205 1445 1211 ἵ

287 1234 333 1302 ibi
344 1235 424 1304 mibi
439 1235 526 1303 bona
539 1233 625 1302 fama
637 1235 773 1302 eveniet.
791 1233 856 1302 Sed
871 1255 924 1302 me
939 1231 993 1301 illa
1006 1237 1109 1329 magis
1123 1237 1244 1330 cupido
1254 1261 1347 1305 exer-

286 1356 357 1428 cet,
379 1343 427 1410 uti
454 1365 661 1435 quocumque
689 1339 807 1426 modo,
835 1353 868 1408 et
892 1343 1136 1434 quamprimum
1160 1342 1346 1437 respublica

286 1447 469 1539 adjuvetur.
491 1447 692 1516 Libertatem
713 1445 816 1541 gloria
836 1447 995 1514 cariorem
1018 1446 1140 1533 habeo,
1163 1463 1261 1543 atque
1283 1473 1346 1542 ego

285 1568 318 1622 te
333 1579 393 1622 oro
409 1554 606 1646 hortorque,
620 1577 661 1621 ne
675 1551 883 1623 clarissumus
898 1552 1108 1647 imperator²,
1117 1552 1234 1648 gallica
1248 1570 1346 1649 gente

284 1659 438 1746 subacta,
459 1659 571 1753 populi
594 1662 721 1727 romani
744 1683 907 1736 summum
937 1672 1034 1752 atque
1055 1659 1213 1727 invictum
1236 1663 1344 1754 impe-

283 1767 369 1832 rium
385 1766 552 1834 tabescere
567 1779 751 1853 vetustate,
769 1789 807 1833 ac
822 1789 883 1859 per
898 1785 1060 1834 summam
1076 1764 1273 1834 discordiam
1295 1767 1342 1834 di·

282 1869 365 1956 labi,
377 1873 518 1965 patiaris.
534 1871 703 1958 Profecto,
716 1873 741 1939 si
753 1871 785 1938 id
799 1869 945 1959 accidat,
958 1895 1064 1964 neque
1074 1871 1132 1938 tibi
1143 1897 1208 1939 nox
1217 1927 1226 1960 ,
1236 1897 1342 1967 neque

281 1974 350 2046 dies
369 2001 483 2044 curam
503 1979 603 2045 animi
618 1975 795 2060 sedaverit3
808 1979 887 2070 quin
905 1967 1073 2044 indomuiis
1088 1980 1268 2064 exercitus,
1291 1979 1340 2047 fu·

281 2082 441 2151 ribundus
469 2097 567 2176 atque
595 2105 709 2149 amens
737 2079 877 2149 alienata
900 2095 1010 2149 mente
1036 2081 1159 2151 feraris.
1188 2086 1341 2178 Namque

280 2188 360 2256 mibi
379 2214 440 2282 pro
462 2213 542 2256 vero
561 2200 708 2274 constat,
732 2189 880 2256 omnium
902 2187 1090 2256 mortalium
1109 2191 1210 2257 vitam
1229 2190 1341 2260 divino

279 2295 414 2362 numine
426 2279 548 2363 invisi³:
568 2317 674 2386 neque
689 2292 814 2362 bonum
830 2317 937 2387 neque
952 2292 1076 2362 malum
1094 2293 1220 2364 facinus
1232 2297 1340 2390 cujus·

279 2503 409 2557 Vaticano
420 2519 474 2555 esse
486 2511 596 2554 testatur
603 2499 712 2565 Carrio,
727 2519 786 2552 mu·
872 2501 898 2556 3.
919 2501 1061 2554 Mortuum
1073 2506 1151 2554 uitam
1158 2505 1339 2560 divtmnuntn

279 2595 332 2637 tata
348 2595 452 2634 tantum
465 2579 696 2650 interpunctione,
709 2597 787 2632 revo·
830 2583 906 2636 irtvisi.
934 2581 973 2634 Ex
999 2581 1051 2634 hoc
1072 2583 1132 2636 loco
1152 2598 1338 2654 argumentum

278 2657 788 2716 cavi.Namcomusetuavercbabent:
828 2661 896 2730 petit
907 2661 1027 2726 Cortius,
1044 2679 1098 2732 quo
1116 2661 1185 2716 banc
1199 2665 1336 2734 epistolam

278 2741 443 2792 distribuatur.
464 2737 561 2790 ludicre
579 2742 688 2809 quoniam
699 2741 785 2807 primoe
828 2758 942 2792 nonesse
950 2739 1065 2792 Sallustii
1072 2739 1336 2808 confirmet-Qun.

179 2825 182 2832 ’
278 2821 360 2872 classis
376 2818 489 2870 mittenda
501 2829 589 2888 putem.
621 2815 716 2867 Nescio
732 2835 785 2886 quo
830 2819 1336 2889 quam,inquit,baecnonabhorreant

277 2917 363 2950 sensu.
372 2897 515 2950 Vaticanus
522 2907 608 2947 autem
622 2893 785 2946 :distribuam
829 2916 843 2949 a
853 2897 991 2963 Sallustio,
1004 2898 1070 2950 mihi
1081 2911 1167 2952 tamen
1175 2899 1336 2956 documento

279 2987 318 3029 tar
330 2977 425 3046 judicia
449 2977 559 3046 quonlam
578 2973 683 3025 omnibus
699 2977 785 3044 prime
829 2989 901 3042 sunt,
915 2995 969 3030 non
983 2979 1079 3049 scripta
1092 2979 1148 3032 hec
1161 2999 1215 3033 esse
1228 2983 1335 3048 abillo,

277 3057 367 3108 classis.
386 3055 438 3107 Pro
452 3055 578 3115 mittenda,
601 3053 706 3123 Lipsius
722 3073 785 3125 pro·
828 3057 874 3127 qui
889 3069 997 3109 noverat
1014 3059 1159 3124 Ceserem,
1175 3059 1246 3130 apud
1257 3081 1335 3134 quent

277 3136 354 3208 pouit
381 3133 563 3196 committenda,·
588 3131 660 3204 quod
686 3133 783 3188 malim.
828 3134 979 3206 hujusmodi
995 3137 1163 3190 ratiocinium
1179 3158 1274 3211 parum
1290 3161 1333 3194 va·

277 3217 361 3287 Supra
374 3211 518 3279 Vll,dixit
530 3215 632 3286 placere
645 3211 695 3264 sibi
706 3233 785 3265 omna
827 3215 925 3268 lebat.»
947 3213 998 3268 Sed
1021 3235 1074 3269 non
1095 3216 1207 3272 attendit
1228 3222 1334 3274 Curtius

275 3297 368 3368 prime
386 3294 473 3348 elassis
487 3291 614 3365 judicare.
626 3324 666 3336 -
679 3293 709 3344 Io
726 3313 783 3363 quo·
827 3295 936 3348 multam
952 3294 1022 3366 apud
1036 3297 1168 3350 Romanos
1188 3297 1222 3352 de
1237 3300 1280 3353 bis
1292 3319 1334 3355 re·

276 3397 320 3448 que
337 3395 430 3446 genere.
454 3374 507 3438 Qui
526 3392 652 3426 numerus
663 3372 783 3444 judicum
826 3375 876 3428 bus
892 3375 1049 3446 opinionum
1065 3377 1219 3431 varietatem
1246 3381 1334 3434 finisse.

275 3455 304 3509 in
314 3473 420 3527 quoque
433 3455 585 3524 questionis
595 3453 634 3504 vel
645 3471 728 3505 cause
739 3473 783 3524 ge·
828 3455 914 3508 Cesar
920 3453 1041 3528 quidem,
1050 3457 1078 3508 in
1085 3459 1203 3511 oratione
1210 3477 1263 3530 pm
1271 3479 1334 3513 con·

275 3531 783 3602 neresederedebeat.-Hauddisficile
823 3535 930 3604 juratis,
946 3553 999 3588 sure
1014 3555 1097 3593 causa
1117 3539 1232 3590 serviens
1248 3537 1333 3606 dixit,

277 3616 342 3688 (actu
348 3617 409 3682 suit.
422 3614 483 3665 Fuit
492 3613 624 3683 intellige,
637 3625 666 3664 ut
678 3615 767 3666 suisset.
827 3615 891 3666 rdtro
903 3627 998 3668 mortem
1012 3635 1084 3688 neque
1096 3636 1171 3678 σανα,
1188 3637 1262 3689 neque
1269 3639 1332 3688 gau·

316 3714 342 3747 a.
363 3695 403 3746 Ne
418 3693 567 3744 clarissumus
582 3694 716 3760 imperator,
731 3704 781 3744 etc.
825 3693 866 3745 dio
875 3695 1013 3749 locumesse.
1023 3693 1189 3748 sedtortasse
1195 3696 1265 3750 hanc
1275 3699 1333 3770 opi·

273 3773 316 3828 Ad
327 3773 418 3826 eadem
429 3771 618 3824 lereCoesarem
627 3771 782 3824 cohortatur
826 3774 933 3828 nionem
956 3795 1009 3828 non
1030 3776 1066 3828 ita
1080 3776 1206 3828 tenaciter
1221 3778 1333 3848 amplec-

275 3852 384 3918 Cirero,
396 3851 655 3924 proMaroello,v111
663 3864 689 3903 et
697 3869 733 3904 rx.
742 3883 782 3893 —
825 3853 978 3920 tebatur,ut
993 3854 1162 3908 amicumalia
1174 3856 1332 3910 sentientem

277 3931 302 3981 T
300 3931 412 3983 ebesan.
428 3929 498 3985 Vide
513 3931 582 3990 hanc
594 3948 701 4000 vocem,
719 3931 780 4002 lug.
824 3952 879 3985 non
893 3931 1005 3986 audiret.
1033 3931 1108 3986 Adde
1124 3932 1197 4004 quod
1215 3955 1270 3988 non
1287 3935 1331 3988 liic

273 4007 350 4078 xlv,
366 4029 392 4063 n.
410 4011 454 4064 23.
825 4013 932 4084 precisa
947 4013 1066 4086 loquitur
1080 4025 1173 4068 metor
1191 4013 1226 4068 de
1245 4015 1330 4087 ponis
