<?xml version="1.0" encoding="UTF-8"?>
<!DOCTYPE html PUBLIC "-//W3C//DTD XHTML 1.0 Transitional//EN"
    "http://www.w3.org/TR/xhtml1/DTD/xhtml1-transitional.dtd">
<html xmlns="http://www.w3.org/1999/xhtml" xml:lang="en" lang="en">
 <head>
  <title>
</title>
<meta http-equiv="Content-Type" content="text/html;charset=utf-8" />
  <meta name='ocr-system' content='tesseract 3.04.00' />
  <meta name='ocr-capabilities' content='ocr_page ocr_carea ocr_par ocr_line ocrx_word'/>
</head>
<body>
  <div class='ocr_page' id='page_1' title='image "./caiuscrispussal01sallgoog_0468.png"; bbox 0 0 2910 4666; ppageno 0'>
   <div class='ocr_carea' id='block_1_1' title="bbox 258 337 920 428">
    <p class='ocr_par' dir='ltr' id='par_1_1' title="bbox 258 337 920 428">
     <span class='ocr_line' id='line_1_1' title="bbox 258 337 920 428; baseline -0.011 -17"><span class='ocrx_word' id='word_1_1' title='bbox 258 345 334 428; x_wconf 71' lang='lat'><strong>400</strong></span> <span class='ocrx_word' id='word_1_2' title='bbox 646 337 920 406; x_wconf 77' lang='lat' dir='ltr'><strong>sannusru</strong></span> 
     </span>
    </p>
   </div>
   <div class='ocr_carea' id='block_1_2' title="bbox 259 475 1315 1417">
    <p class='ocr_par' dir='ltr' id='par_1_2' title="bbox 259 475 1315 1417">
     <span class='ocr_line' id='line_1_2' title="bbox 259 475 1311 572; baseline 0.002 -24"><span class='ocrx_word' id='word_1_3' title='bbox 259 478 396 548; x_wconf 83' lang='lat' dir='ltr'><strong>buniciae</strong></span> <span class='ocrx_word' id='word_1_4' title='bbox 414 475 594 571; x_wconf 81' lang='lat' dir='ltr'><strong>potestatis.</strong></span> <span class='ocrx_word' id='word_1_5' title='bbox 613 476 760 562; x_wconf 87' lang='lat' dir='ltr'><strong>Verum,</strong></span> <span class='ocrx_word' id='word_1_6' title='bbox 782 476 947 564; x_wconf 85' lang='lat' dir='ltr'><strong>Quirites,</strong></span> <span class='ocrx_word' id='word_1_7' title='bbox 968 489 1064 544; x_wconf 84' lang='lat' dir='ltr'><strong>antea</strong></span> <span class='ocrx_word' id='word_1_8' title='bbox 1087 476 1206 572; x_wconf 79' lang='lat' dir='ltr'><strong>singuli</strong></span> <span class='ocrx_word' id='word_1_9' title='bbox 1225 483 1311 550; x_wconf 85' lang='lat' dir='ltr'><strong>cives</strong></span> 
     </span>
     <span class='ocr_line' id='line_1_3' title="bbox 259 582 1312 680; baseline 0.002 -26"><span class='ocrx_word' id='word_1_10' title='bbox 259 589 294 654; x_wconf 93' lang='lat' dir='ltr'><strong>in</strong></span> <span class='ocrx_word' id='word_1_11' title='bbox 308 583 472 679; x_wconf 91' lang='lat' dir='ltr'><strong>pluribus,</strong></span> <span class='ocrx_word' id='word_1_12' title='bbox 494 605 561 649; x_wconf 91' lang='lat' dir='ltr'><strong>non</strong></span> <span class='ocrx_word' id='word_1_13' title='bbox 578 582 612 648; x_wconf 90' lang='lat' dir='ltr'><strong>in</strong></span> <span class='ocrx_word' id='word_1_14' title='bbox 630 605 698 648; x_wconf 92' lang='lat' dir='ltr'><strong>uno</strong></span> <span class='ocrx_word' id='word_1_15' title='bbox 713 583 823 652; x_wconf 89' lang='lat' dir='ltr'><strong>cuncti</strong></span> <span class='ocrx_word' id='word_1_16' title='bbox 841 582 990 676; x_wconf 83' lang='lat' dir='ltr'><strong>praesidia</strong></span> <span class='ocrx_word' id='word_1_17' title='bbox 1002 582 1171 654; x_wconf 89' lang='lat' dir='ltr'><strong>habebatis</strong></span> <span class='ocrx_word' id='word_1_18' title='bbox 1183 611 1192 653; x_wconf 88' lang='lat'>:</span> <span class='ocrx_word' id='word_1_19' title='bbox 1206 611 1312 680; x_wconf 86' lang='lat' dir='ltr'><strong>neque</strong></span> 
     </span>
     <span class='ocr_line' id='line_1_4' title="bbox 259 686 1310 786; baseline 0.001 -26"><span class='ocrx_word' id='word_1_20' title='bbox 259 689 448 760; x_wconf 77' lang='lat' dir='ltr'><strong>mortalium</strong></span> <span class='ocrx_word' id='word_1_21' title='bbox 469 689 641 781; x_wconf 89' lang='lat' dir='ltr'><strong>quisquam</strong></span> <span class='ocrx_word' id='word_1_22' title='bbox 657 686 736 755; x_wconf 87' lang='lat' dir='ltr'><strong>dare</strong></span> <span class='ocrx_word' id='word_1_23' title='bbox 754 700 812 756; x_wconf 85' lang='lat' dir='ltr'><strong>aut</strong></span> <span class='ocrx_word' id='word_1_24' title='bbox 832 689 959 783; x_wconf 90' lang='lat' dir='ltr'><strong>eripere</strong></span> <span class='ocrx_word' id='word_1_25' title='bbox 974 687 1051 758; x_wconf 88' lang='lat' dir='ltr'><strong>talia</strong></span> <span class='ocrx_word' id='word_1_26' title='bbox 1069 715 1153 760; x_wconf 82' lang='lat' dir='ltr'><strong>unus</strong></span> <span class='ocrx_word' id='word_1_27' title='bbox 1171 707 1310 786; x_wconf 85' lang='lat' dir='ltr'><strong>poterat</strong></span> 
     </span>
     <span class='ocr_line' id='line_1_5' title="bbox 259 791 1312 891; baseline 0 -25"><span class='ocrx_word' id='word_1_28' title='bbox 259 801 374 890; x_wconf 91' lang='lat' dir='ltr'><strong>Itaque</strong></span> <span class='ocrx_word' id='word_1_29' title='bbox 394 794 570 862; x_wconf 88' lang='lat' dir='ltr'><strong>verborum</strong></span> <span class='ocrx_word' id='word_1_30' title='bbox 586 794 662 862; x_wconf 86' lang='lat' dir='ltr'><strong>satis</strong></span> <span class='ocrx_word' id='word_1_31' title='bbox 676 791 800 862; x_wconf 87' lang='lat' dir='ltr'><strong>dictum</strong></span> <span class='ocrx_word' id='word_1_32' title='bbox 817 808 885 862; x_wconf 91' lang='lat' dir='ltr'><strong>est:</strong></span> <span class='ocrx_word' id='word_1_33' title='bbox 901 818 1006 889; x_wconf 88' lang='lat' dir='ltr'><strong>neque</strong></span> <span class='ocrx_word' id='word_1_34' title='bbox 1024 797 1112 864; x_wconf 89' lang='lat' dir='ltr'><strong>enim</strong></span> <span class='ocrx_word' id='word_1_35' title='bbox 1129 798 1312 891; x_wconf 76' lang='lat' dir='ltr'><strong>ignorantia</strong></span> 
     </span>
     <span class='ocr_line' id='line_1_6' title="bbox 261 886 1313 998; baseline 0 -25"><span class='ocrx_word' id='word_1_36' title='bbox 261 928 313 972; x_wconf 89' lang='lat' dir='ltr'><strong>res</strong></span> <span class='ocrx_word' id='word_1_37' title='bbox 328 886 496 971; x_wconf 69' lang='lat' dir='ltr'><strong>claudit⁴².</strong></span> <span class='ocrx_word' id='word_1_38' title='bbox 515 901 641 968; x_wconf 89' lang='lat' dir='ltr'><strong>Verum</strong></span> <span class='ocrx_word' id='word_1_39' title='bbox 663 901 838 994; x_wconf 81' lang='lat' dir='ltr'><strong>occupavit</strong></span> <span class='ocrx_word' id='word_1_40' title='bbox 857 923 917 969; x_wconf 86' lang='lat' dir='ltr'><strong>vos</strong></span> <span class='ocrx_word' id='word_1_41' title='bbox 935 902 1045 970; x_wconf 90' lang='lat' dir='ltr'><strong>nescio</strong></span> <span class='ocrx_word' id='word_1_42' title='bbox 1066 925 1139 996; x_wconf 81' lang='lat' dir='ltr'><strong>quae</strong></span> <span class='ocrx_word' id='word_1_43' title='bbox 1159 904 1313 998; x_wconf 83' lang='lat' dir='ltr'>torpedo,</span> 
     </span>
     <span class='ocr_line' id='line_1_7' title="bbox 261 1005 1313 1104; baseline 0.001 -27"><span class='ocrx_word' id='word_1_44' title='bbox 261 1032 327 1104; x_wconf 87' lang='lat' dir='ltr'><strong>qua</strong></span> <span class='ocrx_word' id='word_1_45' title='bbox 344 1032 411 1076; x_wconf 90' lang='lat' dir='ltr'><strong>non</strong></span> <span class='ocrx_word' id='word_1_46' title='bbox 428 1005 530 1100; x_wconf 82' lang='lat' dir='ltr'><strong>gloria</strong></span> <span class='ocrx_word' id='word_1_47' title='bbox 545 1007 739 1093; x_wconf 85' lang='lat' dir='ltr'><strong>movemini,</strong></span> <span class='ocrx_word' id='word_1_48' title='bbox 752 1029 858 1099; x_wconf 88' lang='lat' dir='ltr'><strong>neque</strong></span> <span class='ocrx_word' id='word_1_49' title='bbox 875 1005 1015 1101; x_wconf 79' lang='lat' dir='ltr'><strong>flagiti03</strong></span> <span class='ocrx_word' id='word_1_50' title='bbox 1036 1022 1221 1102; x_wconf 85' lang='lat' dir='ltr'><strong>cunctaque</strong></span> <span class='ocrx_word' id='word_1_51' title='bbox 1231 1035 1313 1104; x_wconf 82' lang='lat' dir='ltr'><strong>prae·</strong></span> 
     </span>
     <span class='ocr_line' id='line_1_8' title="bbox 263 1109 1315 1208; baseline -0.001 -24"><span class='ocrx_word' id='word_1_52' title='bbox 263 1116 345 1184; x_wconf 87' lang='lat' dir='ltr'><strong>senti</strong></span> <span class='ocrx_word' id='word_1_53' title='bbox 362 1113 492 1208; x_wconf 81' lang='lat' dir='ltr'><strong>ignavia</strong></span> <span class='ocrx_word' id='word_1_54' title='bbox 507 1112 673 1197; x_wconf 82' lang='lat' dir='ltr'><strong>mutastis,</strong></span> <span class='ocrx_word' id='word_1_55' title='bbox 687 1110 817 1180; x_wconf 87' lang='lat' dir='ltr'><strong>abunde</strong></span> <span class='ocrx_word' id='word_1_56' title='bbox 831 1109 1015 1180; x_wconf 87' lang='lat' dir='ltr'><strong>libertatem</strong></span> <span class='ocrx_word' id='word_1_57' title='bbox 1029 1115 1110 1200; x_wconf 87' lang='lat' dir='ltr'><strong>rati,</strong></span> <span class='ocrx_word' id='word_1_58' title='bbox 1123 1117 1198 1206; x_wconf 87' lang='lat' dir='ltr'><strong>quia</strong></span> <span class='ocrx_word' id='word_1_59' title='bbox 1216 1115 1315 1208; x_wconf 84' lang='lat' dir='ltr'><strong>tergis</strong></span> 
     </span>
     <span class='ocr_line' id='line_1_9' title="bbox 263 1214 1314 1312; baseline -0.001 -23"><span class='ocrx_word' id='word_1_60' title='bbox 263 1221 461 1312; x_wconf 80' lang='lat' dir='ltr'><strong>abstinetur,</strong></span> <span class='ocrx_word' id='word_1_61' title='bbox 483 1231 517 1286; x_wconf 91' lang='lat' dir='ltr'><strong>et</strong></span> <span class='ocrx_word' id='word_1_62' title='bbox 538 1215 604 1286; x_wconf 90' lang='lat' dir='ltr'><strong>huc</strong></span> <span class='ocrx_word' id='word_1_63' title='bbox 623 1218 670 1284; x_wconf 87' lang='lat' dir='ltr'><strong>ire</strong></span> <span class='ocrx_word' id='word_1_64' title='bbox 694 1215 770 1292; x_wconf 86' lang='lat' dir='ltr'><strong>lieet</strong></span> <span class='ocrx_word' id='word_1_65' title='bbox 793 1231 826 1284; x_wconf 89' lang='lat' dir='ltr'><strong>et</strong></span> <span class='ocrx_word' id='word_1_66' title='bbox 842 1214 938 1304; x_wconf 88' lang='lat' dir='ltr'><strong>illuc,</strong></span> <span class='ocrx_word' id='word_1_67' title='bbox 957 1241 1092 1286; x_wconf 87' lang='lat' dir='ltr'><strong>munera</strong></span> <span class='ocrx_word' id='word_1_68' title='bbox 1113 1219 1229 1287; x_wconf 86' lang='lat' dir='ltr'><strong>ditium</strong></span> <span class='ocrx_word' id='word_1_69' title='bbox 1251 1219 1314 1288; x_wconf 92' lang='lat' dir='ltr'><strong>do·</strong></span> 
     </span>
     <span class='ocr_line' id='line_1_10' title="bbox 263 1311 1315 1417; baseline -0.003 -21"><span class='ocrx_word' id='word_1_70' title='bbox 263 1329 436 1396; x_wconf 89' lang='lat' dir='ltr'><strong>minorum.</strong></span> <span class='ocrx_word' id='word_1_71' title='bbox 462 1325 568 1416; x_wconf 83' lang='lat' dir='ltr'><strong>Atque</strong></span> <span class='ocrx_word' id='word_1_72' title='bbox 591 1322 662 1391; x_wconf 85' lang='lat' dir='ltr'><strong>haec</strong></span> <span class='ocrx_word' id='word_1_73' title='bbox 687 1321 802 1390; x_wconf 87' lang='lat' dir='ltr'><strong>eadem</strong></span> <span class='ocrx_word' id='word_1_74' title='bbox 822 1347 890 1392; x_wconf 90' lang='lat' dir='ltr'><strong>non</strong></span> <span class='ocrx_word' id='word_1_75' title='bbox 913 1337 990 1392; x_wconf 86' lang='lat' dir='ltr'><strong>sunt</strong></span> <span class='ocrx_word' id='word_1_76' title='bbox 1009 1323 1190 1417; x_wconf 79' lang='lat' dir='ltr'><strong>agrestibus</strong></span> <span class='ocrx_word' id='word_1_77' title='bbox 1199 1311 1237 1412; x_wconf 77' lang='lat'><strong>⁴³3</strong></span> <span class='ocrx_word' id='word_1_78' title='bbox 1258 1323 1315 1394; x_wconf 90' lang='lat' dir='ltr'><strong>sed</strong></span> 
     </span>
    </p>
   </div>
   <div class='ocr_carea' id='block_1_3' title="bbox 265 1529 1319 2159">
    <p class='ocr_par' dir='ltr' id='par_1_3' title="bbox 265 1529 1319 2159">
     <span class='ocr_line' id='line_1_11' title="bbox 306 1529 1316 1603; baseline -0.002 -17"><span class='ocrx_word' id='word_1_79' title='bbox 306 1541 352 1598; x_wconf 65' lang='lat' dir='ltr'><strong>ta.</strong></span> <span class='ocrx_word' id='word_1_80' title='bbox 380 1533 464 1603; x_wconf 81' lang='lat' dir='ltr'><strong>Neque</strong></span> <span class='ocrx_word' id='word_1_81' title='bbox 487 1533 548 1580; x_wconf 84' lang='lat' dir='ltr'><strong>euim</strong></span> <span class='ocrx_word' id='word_1_82' title='bbox 573 1532 708 1597; x_wconf 51' lang='lat' dir='ltr'><strong>&amp;naratio</strong></span> <span class='ocrx_word' id='word_1_83' title='bbox 732 1547 768 1578; x_wconf 81' lang='lat' dir='ltr'><strong>res</strong></span> <span class='ocrx_word' id='word_1_84' title='bbox 812 1529 891 1580; x_wconf 78' lang='lat' dir='ltr'><strong>milia</strong></span> <span class='ocrx_word' id='word_1_85' title='bbox 918 1547 1054 1582; x_wconf 83' lang='lat' dir='ltr'><strong>serrorum</strong></span> <span class='ocrx_word' id='word_1_86' title='bbox 1082 1531 1226 1584; x_wconf 86' lang='lat' dir='ltr'><strong>alebantur.</strong></span> <span class='ocrx_word' id='word_1_87' title='bbox 1253 1531 1316 1596; x_wconf 83' lang='lat' dir='ltr'><strong>ttic,</strong></span> 
     </span>
     <span class='ocr_line' id='line_1_12' title="bbox 265 1606 1317 1679; baseline -0.002 -14"><span class='ocrx_word' id='word_1_88' title='bbox 265 1613 364 1665; x_wconf 82' lang='lat' dir='ltr'><strong>claudit.</strong></span> <span class='ocrx_word' id='word_1_89' title='bbox 392 1611 453 1662; x_wconf 86' lang='lat' dir='ltr'><strong>Non</strong></span> <span class='ocrx_word' id='word_1_90' title='bbox 472 1628 514 1660; x_wconf 89' lang='lat' dir='ltr'><strong>res</strong></span> <span class='ocrx_word' id='word_1_91' title='bbox 533 1627 581 1679; x_wconf 90' lang='lat' dir='ltr'><strong>per</strong></span> <span class='ocrx_word' id='word_1_92' title='bbox 596 1607 769 1677; x_wconf 69' lang='lat' dir='ltr'><strong>ignorantiam</strong></span> <span class='ocrx_word' id='word_1_93' title='bbox 812 1606 905 1660; x_wconf 83' lang='lat' dir='ltr'><strong>audaci</strong></span> <span class='ocrx_word' id='word_1_94' title='bbox 918 1609 1105 1674; x_wconf 81' lang='lat' dir='ltr'><strong>translatione,</strong></span> <span class='ocrx_word' id='word_1_95' title='bbox 1128 1629 1223 1662; x_wconf 71' lang='lat' dir='ltr'><strong>mm</strong></span> <span class='ocrx_word' id='word_1_96' title='bbox 1240 1623 1317 1665; x_wconf 83' lang='lat' dir='ltr'><strong>vocat</strong></span> 
     </span>
     <span class='ocr_line' id='line_1_13' title="bbox 266 1687 1315 1760; baseline -0.001 -15"><span class='ocrx_word' id='word_1_97' title='bbox 266 1689 401 1745; x_wconf 86' lang='lat' dir='ltr'><strong>claudicet.</strong></span> <span class='ocrx_word' id='word_1_98' title='bbox 430 1687 491 1740; x_wconf 88' lang='lat' dir='ltr'><strong>Non</strong></span> <span class='ocrx_word' id='word_1_99' title='bbox 508 1687 596 1739; x_wconf 86' lang='lat' dir='ltr'><strong>obstat</strong></span> <span class='ocrx_word' id='word_1_100' title='bbox 608 1687 770 1757; x_wconf 72' lang='lat' dir='ltr'><strong>ignorantia,</strong></span> <span class='ocrx_word' id='word_1_101' title='bbox 812 1688 882 1759; x_wconf 79' lang='lat' dir='ltr'><strong>ipsos</strong></span> <span class='ocrx_word' id='word_1_102' title='bbox 895 1688 1015 1740; x_wconf 81' lang='lat' dir='ltr'><strong>homiues</strong></span> <span class='ocrx_word' id='word_1_103' title='bbox 1030 1688 1057 1739; x_wconf 89' lang='lat' dir='ltr'><strong>in</strong></span> <span class='ocrx_word' id='word_1_104' title='bbox 1070 1691 1246 1760; x_wconf 77' lang='lat' dir='ltr'><strong>spectaculum</strong></span> <span class='ocrx_word' id='word_1_105' title='bbox 1269 1711 1315 1744; x_wconf 82' lang='lat' dir='ltr'><strong>ex·</strong></span> 
     </span>
     <span class='ocr_line' id='line_1_14' title="bbox 268 1765 1315 1843; baseline 0.001 -20"><span class='ocrx_word' id='word_1_106' title='bbox 268 1773 398 1843; x_wconf 79' lang='lat' dir='ltr'><strong>quiores,</strong></span> <span class='ocrx_word' id='word_1_107' title='bbox 413 1765 489 1820; x_wconf 86' lang='lat' dir='ltr'><strong>idest</strong></span> <span class='ocrx_word' id='word_1_108' title='bbox 501 1765 622 1839; x_wconf 67' lang='lat' dir='ltr'><strong>repptitio</strong></span> <span class='ocrx_word' id='word_1_109' title='bbox 635 1766 715 1819; x_wconf 85' lang='lat' dir='ltr'><strong>vestri</strong></span> <span class='ocrx_word' id='word_1_110' title='bbox 726 1767 770 1836; x_wconf 82' lang='lat' dir='ltr'><strong>ju·</strong></span> <span class='ocrx_word' id='word_1_111' title='bbox 812 1767 926 1832; x_wconf 86' lang='lat' dir='ltr'><strong>hibitus,</strong></span> <span class='ocrx_word' id='word_1_112' title='bbox 944 1767 1036 1839; x_wconf 62' lang='lat' dir='ltr'><strong>bique</strong></span> <span class='ocrx_word' id='word_1_113' title='bbox 1049 1770 1237 1824; x_wconf 77' lang='lat' dir='ltr'><strong>contumeliose</strong></span> <span class='ocrx_word' id='word_1_114' title='bbox 1252 1789 1315 1824; x_wconf 86' lang='lat' dir='ltr'><strong>oon·</strong></span> 
     </span>
     <span class='ocr_line' id='line_1_15' title="bbox 268 1843 1315 1922; baseline 0.001 -20"><span class='ocrx_word' id='word_1_115' title='bbox 268 1852 317 1916; x_wconf 84' lang='lat' dir='ltr'><strong>ris,</strong></span> <span class='ocrx_word' id='word_1_116' title='bbox 336 1861 407 1902; x_wconf 88' lang='lat' dir='ltr'><strong>recte</strong></span> <span class='ocrx_word' id='word_1_117' title='bbox 427 1843 561 1918; x_wconf 86' lang='lat' dir='ltr'><strong>procedat.</strong></span> <span class='ocrx_word' id='word_1_118' title='bbox 590 1844 704 1906; x_wconf 80' lang='lat' dir='ltr'><strong>Claudia,</strong></span> <span class='ocrx_word' id='word_1_119' title='bbox 720 1863 770 1915; x_wconf 78' lang='lat' dir='ltr'><strong>pm</strong></span> <span class='ocrx_word' id='word_1_120' title='bbox 813 1848 863 1900; x_wconf 84' lang='lat' dir='ltr'><strong>lert</strong></span> <span class='ocrx_word' id='word_1_121' title='bbox 877 1847 982 1917; x_wconf 83' lang='lat' dir='ltr'><strong>plebem</strong></span> <span class='ocrx_word' id='word_1_122' title='bbox 995 1849 1315 1922; x_wconf 79' lang='lat' dir='ltr'><strong>romanam.Vos,inquit,</strong></span> 
     </span>
     <span class='ocr_line' id='line_1_16' title="bbox 269 1923 1318 1998; baseline 0.001 -16"><span class='ocrx_word' id='word_1_123' title='bbox 269 1929 402 1989; x_wconf 82' lang='lat' dir='ltr'><strong>claudicat,</strong></span> <span class='ocrx_word' id='word_1_124' title='bbox 418 1939 517 1978; x_wconf 73' lang='lat' dir='ltr'><strong>veteres</strong></span> <span class='ocrx_word' id='word_1_125' title='bbox 529 1923 625 1977; x_wconf 82' lang='lat' dir='ltr'><strong>dixisse</strong></span> <span class='ocrx_word' id='word_1_126' title='bbox 636 1923 771 1977; x_wconf 79' lang='lat' dir='ltr'><strong>videntur.</strong></span> <span class='ocrx_word' id='word_1_127' title='bbox 813 1925 1243 1998; x_wconf 85' lang='lat' dir='ltr'><strong>opulentiedomiuisspectaculum</strong></span> <span class='ocrx_word' id='word_1_128' title='bbox 1248 1931 1318 1996; x_wconf 81' lang='lat' dir='ltr'><strong>estis;</strong></span> 
     </span>
     <span class='ocr_line' id='line_1_17' title="bbox 269 2004 1318 2076; baseline 0 -14"><span class='ocrx_word' id='word_1_129' title='bbox 269 2007 327 2062; x_wconf 85' lang='lat' dir='ltr'><strong>Hoc</strong></span> <span class='ocrx_word' id='word_1_130' title='bbox 339 2009 410 2062; x_wconf 88' lang='lat' dir='ltr'><strong>enim</strong></span> <span class='ocrx_word' id='word_1_131' title='bbox 423 2005 537 2059; x_wconf 86' lang='lat' dir='ltr'><strong>Sallustii</strong></span> <span class='ocrx_word' id='word_1_132' title='bbox 551 2004 627 2056; x_wconf 72' lang='lat' dir='ltr'><strong>affert</strong></span> <span class='ocrx_word' id='word_1_133' title='bbox 639 2005 771 2068; x_wconf 78' lang='lat' dir='ltr'><strong>Donatus,</strong></span> <span class='ocrx_word' id='word_1_134' title='bbox 814 2005 907 2058; x_wconf 79' lang='lat' dir='ltr'><strong>rosilli</strong></span> <span class='ocrx_word' id='word_1_135' title='bbox 916 2017 946 2057; x_wconf 93' lang='lat' dir='ltr'><strong>ut</strong></span> <span class='ocrx_word' id='word_1_136' title='bbox 958 2005 1093 2059; x_wconf 70' lang='lat' dir='ltr'><strong>thermulis</strong></span> <span class='ocrx_word' id='word_1_137' title='bbox 1103 2025 1210 2060; x_wconf 74' lang='lat' dir='ltr'><strong>munem</strong></span> <span class='ocrx_word' id='word_1_138' title='bbox 1219 2010 1318 2076; x_wconf 85' lang='lat' dir='ltr'><strong>,oculis</strong></span> 
     </span>
     <span class='ocr_line' id='line_1_18' title="bbox 270 2083 1319 2159; baseline 0.001 -18"><span class='ocrx_word' id='word_1_139' title='bbox 270 2088 303 2141; x_wconf 91' lang='lat' dir='ltr'><strong>ad</strong></span> <span class='ocrx_word' id='word_1_140' title='bbox 314 2089 375 2140; x_wconf 89' lang='lat' dir='ltr'><strong>Ter.</strong></span> <span class='ocrx_word' id='word_1_141' title='bbox 383 2087 452 2139; x_wconf 84' lang='lat' dir='ltr'><strong>Eun.</strong></span> <span class='ocrx_word' id='word_1_142' title='bbox 465 2103 490 2150; x_wconf 89' lang='lat'><strong>1,</strong></span> <span class='ocrx_word' id='word_1_143' title='bbox 500 2105 530 2144; x_wconf 78' lang='lat' dir='ltr'><strong>a,</strong></span> <span class='ocrx_word' id='word_1_144' title='bbox 543 2085 594 2150; x_wconf 73' lang='grc'><strong>84,</strong></span> <span class='ocrx_word' id='word_1_145' title='bbox 611 2083 716 2136; x_wconf 61' lang='lat' dir='ltr'><strong>chordae</strong></span> <span class='ocrx_word' id='word_1_146' title='bbox 723 2101 771 2153; x_wconf 90' lang='lat' dir='ltr'><strong>pro</strong></span> <span class='ocrx_word' id='word_1_147' title='bbox 814 2083 940 2147; x_wconf 80' lang='lat' dir='ltr'><strong>fruenda,</strong></span> <span class='ocrx_word' id='word_1_148' title='bbox 954 2086 982 2138; x_wconf 91' lang='lat' dir='ltr'><strong>iu</strong></span> <span class='ocrx_word' id='word_1_149' title='bbox 996 2085 1114 2150; x_wconf 84' lang='lat' dir='ltr'><strong>civitate,</strong></span> <span class='ocrx_word' id='word_1_150' title='bbox 1127 2098 1252 2159; x_wconf 86' lang='lat' dir='ltr'><strong>tanquam</strong></span> <span class='ocrx_word' id='word_1_151' title='bbox 1262 2109 1319 2142; x_wconf 85' lang='lat' dir='ltr'><strong>mu·</strong></span> 
     </span>
    </p>
   </div>
   <div class='ocr_carea' id='block_1_4' title="bbox 169 2163 1317 2236">
    <p class='ocr_par' dir='ltr' id='par_1_4' title="bbox 169 2163 1317 2236">
     <span class='ocr_line' id='line_1_19' title="bbox 169 2163 1317 2236; baseline 0.003 -18"><span class='ocrx_word' id='word_1_152' title='bbox 169 2207 170 2210; x_wconf 66' lang='lat'><strong>,</strong></span> <span class='ocrx_word' id='word_1_153' title='bbox 270 2167 404 2220; x_wconf 80' lang='lat' dir='ltr'><strong>claudicare</strong></span> <span class='ocrx_word' id='word_1_154' title='bbox 420 2167 601 2236; x_wconf 85' lang='lat' dir='ltr'><strong>interpretans.</strong></span> <span class='ocrx_word' id='word_1_155' title='bbox 618 2163 696 2215; x_wconf 84' lang='lat' dir='ltr'><strong>Errat</strong></span> <span class='ocrx_word' id='word_1_156' title='bbox 712 2163 772 2232; x_wconf 86' lang='lat' dir='ltr'><strong>qui·</strong></span> <span class='ocrx_word' id='word_1_157' title='bbox 815 2165 933 2231; x_wconf 76' lang='lat' dir='ltr'><strong>peratiae</strong></span> <span class='ocrx_word' id='word_1_158' title='bbox 948 2163 976 2216; x_wconf 85' lang='lat' dir='ltr'><strong>iu</strong></span> <span class='ocrx_word' id='word_1_159' title='bbox 990 2165 1194 2236; x_wconf 78' lang='lat' dir='ltr'><strong>amphitheatro,</strong></span> <span class='ocrx_word' id='word_1_160' title='bbox 1211 2169 1317 2222; x_wconf 80' lang='lat' dir='ltr'><strong>babent</strong></span> 
     </span>
    </p>
   </div>
   <div class='ocr_carea' id='block_1_5' title="bbox 266 2241 1327 4066">
    <p class='ocr_par' dir='ltr' id='par_1_5' title="bbox 266 2241 1326 3983">
     <span class='ocr_line' id='line_1_20' title="bbox 270 2241 1319 2319; baseline 0.002 -19"><span class='ocrx_word' id='word_1_161' title='bbox 270 2247 331 2300; x_wconf 90' lang='lat' dir='ltr'><strong>dem</strong></span> <span class='ocrx_word' id='word_1_162' title='bbox 343 2249 473 2304; x_wconf 76' lang='lat' dir='ltr'><strong>Donatus,</strong></span> <span class='ocrx_word' id='word_1_163' title='bbox 488 2255 514 2297; x_wconf 87' lang='lat' dir='ltr'><strong>et</strong></span> <span class='ocrx_word' id='word_1_164' title='bbox 524 2242 639 2296; x_wconf 82' lang='lat' dir='ltr'><strong>Terentii</strong></span> <span class='ocrx_word' id='word_1_165' title='bbox 651 2241 770 2302; x_wconf 82' lang='lat' dir='ltr'><strong>claudier,</strong></span> <span class='ocrx_word' id='word_1_166' title='bbox 813 2241 880 2296; x_wconf 86' lang='lat' dir='ltr'><strong>Ideo</strong></span> <span class='ocrx_word' id='word_1_167' title='bbox 905 2255 1007 2296; x_wconf 80' lang='lat' dir='ltr'><strong>tenuem</strong></span> <span class='ocrx_word' id='word_1_168' title='bbox 1028 2245 1155 2298; x_wconf 88' lang='lat' dir='ltr'><strong>intactum</strong></span> <span class='ocrx_word' id='word_1_169' title='bbox 1175 2247 1257 2319; x_wconf 74' lang='lat' dir='ltr'><strong>virgis</strong></span> <span class='ocrx_word' id='word_1_170' title='bbox 1270 2261 1319 2302; x_wconf 82' lang='lat' dir='ltr'><strong>tet·</strong></span> 
     </span>
     <span class='ocr_line' id='line_1_21' title="bbox 271 2321 1318 2396; baseline 0.001 -16"><span class='ocrx_word' id='word_1_171' title='bbox 271 2328 338 2380; x_wconf 88' lang='lat' dir='ltr'><strong>nihil</strong></span> <span class='ocrx_word' id='word_1_172' title='bbox 350 2323 421 2378; x_wconf 86' lang='lat' dir='ltr'><strong>aliud</strong></span> <span class='ocrx_word' id='word_1_173' title='bbox 432 2336 520 2382; x_wconf 83' lang='lat' dir='ltr'><strong>sonat,</strong></span> <span class='ocrx_word' id='word_1_174' title='bbox 534 2341 612 2393; x_wconf 89' lang='lat' dir='ltr'><strong>quarn</strong></span> <span class='ocrx_word' id='word_1_175' title='bbox 621 2322 701 2374; x_wconf 79' lang='lat' dir='ltr'><strong>claudi</strong></span> <span class='ocrx_word' id='word_1_176' title='bbox 712 2321 774 2379; x_wconf 71' lang='lat' dir='ltr'><strong>(aare</strong></span> <span class='ocrx_word' id='word_1_177' title='bbox 816 2343 892 2396; x_wconf 74' lang='lat' dir='ltr'><strong>gum.</strong></span> <span class='ocrx_word' id='word_1_178' title='bbox 911 2335 937 2376; x_wconf 90' lang='lat' dir='ltr'><strong>et</strong></span> <span class='ocrx_word' id='word_1_179' title='bbox 952 2324 1005 2376; x_wconf 89' lang='lat' dir='ltr'><strong>buc</strong></span> <span class='ocrx_word' id='word_1_180' title='bbox 1021 2323 1083 2378; x_wconf 90' lang='lat' dir='ltr'><strong>illuc</strong></span> <span class='ocrx_word' id='word_1_181' title='bbox 1103 2327 1269 2381; x_wconf 86' lang='lat' dir='ltr'><strong>commeandi</strong></span> <span class='ocrx_word' id='word_1_182' title='bbox 1288 2329 1318 2380; x_wconf 93' lang='lat' dir='ltr'><strong>li·</strong></span> 
     </span>
     <span class='ocr_line' id='line_1_22' title="bbox 266 2403 1320 2476; baseline 0.002 -19"><span class='ocrx_word' id='word_1_183' title='bbox 266 2407 370 2475; x_wconf 81' lang='lat' dir='ltr'><strong>smne&#39;).</strong></span> <span class='ocrx_word' id='word_1_184' title='bbox 383 2403 433 2457; x_wconf 88' lang='lat' dir='ltr'><strong>Sed</strong></span> <span class='ocrx_word' id='word_1_185' title='bbox 446 2405 502 2476; x_wconf 90' lang='lat' dir='ltr'><strong>ipse</strong></span> <span class='ocrx_word' id='word_1_186' title='bbox 515 2405 570 2474; x_wconf 88' lang='lat' dir='ltr'><strong>ejus</strong></span> <span class='ocrx_word' id='word_1_187' title='bbox 580 2419 654 2454; x_wconf 78' lang='lat' dir='ltr'><strong>emor</strong></span> <span class='ocrx_word' id='word_1_188' title='bbox 667 2403 775 2472; x_wconf 84' lang='lat' dir='ltr'><strong>probat,</strong></span> <span class='ocrx_word' id='word_1_189' title='bbox 816 2404 943 2466; x_wconf 84' lang='lat' dir='ltr'><strong>centiam,</strong></span> <span class='ocrx_word' id='word_1_190' title='bbox 956 2403 1030 2455; x_wconf 83' lang='lat' dir='ltr'><strong>vobis</strong></span> <span class='ocrx_word' id='word_1_191' title='bbox 1036 2405 1196 2476; x_wconf 79' lang='lat' dir='ltr'><strong>relinquunt</strong></span> <span class='ocrx_word' id='word_1_192' title='bbox 1207 2407 1320 2473; x_wconf 79' lang='lat' dir='ltr'><strong>-Qui-</strong></span> 
     </span>
     <span class='ocr_line' id='line_1_23' title="bbox 271 2481 1319 2556; baseline 0 -17"><span class='ocrx_word' id='word_1_193' title='bbox 271 2486 457 2539; x_wconf 83' lang='lat' dir='ltr'><strong>Sallustianum</strong></span> <span class='ocrx_word' id='word_1_194' title='bbox 464 2483 589 2546; x_wconf 85' lang='lat' dir='ltr'><strong>verbum,</strong></span> <span class='ocrx_word' id='word_1_195' title='bbox 598 2481 701 2543; x_wconf 76' lang='lat' dir='ltr'><strong>claudit,</strong></span> <span class='ocrx_word' id='word_1_196' title='bbox 712 2494 775 2532; x_wconf 83' lang='lat' dir='ltr'><strong>tuuc</strong></span> <span class='ocrx_word' id='word_1_197' title='bbox 817 2482 894 2546; x_wconf 87' lang='lat' dir='ltr'><strong>dem,</strong></span> <span class='ocrx_word' id='word_1_198' title='bbox 907 2494 999 2535; x_wconf 71' lang='lat' dir='ltr'><strong>oonua</strong></span> <span class='ocrx_word' id='word_1_199' title='bbox 1011 2481 1105 2548; x_wconf 80' lang='lat' dir='ltr'><strong>codd,</strong></span> <span class='ocrx_word' id='word_1_200' title='bbox 1118 2485 1208 2556; x_wconf 75' lang='lat' dir='ltr'><strong>legunt</strong></span> <span class='ocrx_word' id='word_1_201' title='bbox 1218 2507 1319 2546; x_wconf 76' lang='lat' dir='ltr'><strong>munere.</strong></span> 
     </span>
     <span class='ocr_line' id='line_1_24' title="bbox 273 2559 1321 2636; baseline 0.001 -17"><span class='ocrx_word' id='word_1_202' title='bbox 273 2564 399 2636; x_wconf 88' lang='lat' dir='ltr'><strong>temporis</strong></span> <span class='ocrx_word' id='word_1_203' title='bbox 407 2581 457 2634; x_wconf 91' lang='lat' dir='ltr'><strong>pro</strong></span> <span class='ocrx_word' id='word_1_204' title='bbox 466 2561 596 2620; x_wconf 74' lang='lat' dir='ltr'><strong>chudicat,</strong></span> <span class='ocrx_word' id='word_1_205' title='bbox 611 2559 690 2632; x_wconf 73' lang='lat' dir='ltr'><strong>vulgo</strong></span> <span class='ocrx_word' id='word_1_206' title='bbox 701 2559 776 2612; x_wconf 84' lang='lat' dir='ltr'><strong>intel·</strong></span> <span class='ocrx_word' id='word_1_207' title='bbox 818 2573 845 2614; x_wconf 91' lang='lat' dir='ltr'><strong>et</strong></span> <span class='ocrx_word' id='word_1_208' title='bbox 854 2562 1004 2632; x_wconf 72' lang='lat' dir='ltr'><strong>intelligunt</strong></span> <span class='ocrx_word' id='word_1_209' title='bbox 1017 2563 1230 2633; x_wconf 66' lang='lat' dir='ltr'><strong>beneficiol‘osais</strong></span> <span class='ocrx_word' id='word_1_210' title='bbox 1242 2567 1321 2620; x_wconf 81' lang='lat' dir='ltr'><strong>etiam</strong></span> 
     </span>
     <span class='ocr_line' id='line_1_25' title="bbox 273 2639 1321 2717; baseline 0.003 -21"><span class='ocrx_word' id='word_1_211' title='bbox 273 2647 370 2697; x_wconf 89' lang='lat' dir='ltr'><strong>lectum</strong></span> <span class='ocrx_word' id='word_1_212' title='bbox 383 2643 470 2694; x_wconf 83' lang='lat' dir='ltr'><strong>luisse.</strong></span> <span class='ocrx_word' id='word_1_213' title='bbox 481 2640 610 2692; x_wconf 78' lang='lat' dir='ltr'><strong>Praeterea</strong></span> <span class='ocrx_word' id='word_1_214' title='bbox 621 2639 698 2691; x_wconf 76' lang='lat' dir='ltr'><strong>affert</strong></span> <span class='ocrx_word' id='word_1_215' title='bbox 708 2641 775 2691; x_wconf 91' lang='lat' dir='ltr'><strong>Cor·</strong></span> <span class='ocrx_word' id='word_1_216' title='bbox 819 2659 916 2694; x_wconf 76' lang='lat' dir='ltr'><strong>munem</strong></span> <span class='ocrx_word' id='word_1_217' title='bbox 936 2639 1030 2694; x_wconf 87' lang='lat' dir='ltr'><strong>eodem</strong></span> <span class='ocrx_word' id='word_1_218' title='bbox 1048 2661 1125 2696; x_wconf 83' lang='lat' dir='ltr'><strong>sensu</strong></span> <span class='ocrx_word' id='word_1_219' title='bbox 1138 2661 1252 2714; x_wconf 80' lang='lat' dir='ltr'><strong>capere:</strong></span> <span class='ocrx_word' id='word_1_220' title='bbox 1269 2665 1321 2717; x_wconf 77' lang='lat' dir='ltr'><strong>qua</strong></span> 
     </span>
     <span class='ocr_line' id='line_1_26' title="bbox 274 2717 1320 2791; baseline 0.001 -15"><span class='ocrx_word' id='word_1_221' title='bbox 274 2725 326 2776; x_wconf 86' lang='lat' dir='ltr'><strong>tius</strong></span> <span class='ocrx_word' id='word_1_222' title='bbox 339 2741 371 2774; x_wconf 86' lang='lat' dir='ltr'><strong>ex</strong></span> <span class='ocrx_word' id='word_1_223' title='bbox 384 2719 512 2791; x_wconf 78' lang='lat' dir='ltr'><strong>Apuleio,</strong></span> <span class='ocrx_word' id='word_1_224' title='bbox 532 2717 565 2770; x_wconf 89' lang='lat' dir='ltr'><strong>de</strong></span> <span class='ocrx_word' id='word_1_225' title='bbox 578 2719 634 2770; x_wconf 88' lang='lat' dir='ltr'><strong>Deo</strong></span> <span class='ocrx_word' id='word_1_226' title='bbox 647 2717 775 2770; x_wconf 65' lang='lat' dir='ltr'><strong>&amp;onitu</strong></span> <span class='ocrx_word' id='word_1_227' title='bbox 820 2740 856 2772; x_wconf 78' lang='lat' dir='ltr'><strong>res</strong></span> <span class='ocrx_word' id='word_1_228' title='bbox 870 2733 925 2772; x_wconf 78' lang='lat' dir='ltr'><strong>sunt</strong></span> <span class='ocrx_word' id='word_1_229' title='bbox 946 2739 1043 2772; x_wconf 76' lang='lat' dir='ltr'><strong>musam</strong></span> <span class='ocrx_word' id='word_1_230' title='bbox 1065 2721 1149 2774; x_wconf 71' lang='lat' dir='ltr'><strong>ditium</strong></span> <span class='ocrx_word' id='word_1_231' title='bbox 1165 2723 1320 2777; x_wconf 73' lang='lat' dir='ltr'><strong>dominam</strong></span> 
     </span>
     <span class='ocr_line' id='line_1_27' title="bbox 278 2797 1322 2875; baseline 0.005 -24"><span class='ocrx_word' id='word_1_232' title='bbox 278 2831 289 2851; x_wconf 72' lang='grc' dir='ltr'>ι</span> <span class='ocrx_word' id='word_1_233' title='bbox 298 2803 336 2855; x_wconf 90' lang='lat' dir='ltr'><strong>Ut</strong></span> <span class='ocrx_word' id='word_1_234' title='bbox 349 2801 396 2852; x_wconf 90' lang='lat' dir='ltr'><strong>ubi</strong></span> <span class='ocrx_word' id='word_1_235' title='bbox 408 2797 574 2852; x_wconf 77' lang='lat' dir='ltr'><strong>dubitatione</strong></span> <span class='ocrx_word' id='word_1_236' title='bbox 587 2797 723 2858; x_wconf 68' lang='grc' dir='ltr'><strong>είαωάσητ,</strong></span> <span class='ocrx_word' id='word_1_237' title='bbox 739 2797 777 2848; x_wconf 93' lang='lat' dir='ltr'><strong>ibi</strong></span> <span class='ocrx_word' id='word_1_238' title='bbox 820 2801 939 2853; x_wconf 78' lang='lat' dir='ltr'><strong>Alterum</strong></span> <span class='ocrx_word' id='word_1_239' title='bbox 953 2817 1058 2852; x_wconf 67' lang='lat' dir='ltr'><strong>nusum</strong></span> <span class='ocrx_word' id='word_1_240' title='bbox 1068 2803 1247 2872; x_wconf 79' lang='lat' dir='ltr'><strong>praetulimus,</strong></span> <span class='ocrx_word' id='word_1_241' title='bbox 1261 2806 1322 2875; x_wconf 86' lang='lat' dir='ltr'><strong>quia</strong></span> 
     </span>
     <span class='ocr_line' id='line_1_28' title="bbox 274 2875 1321 2948; baseline 0.003 -15"><span class='ocrx_word' id='word_1_242' title='bbox 274 2879 437 2935; x_wconf 81' lang='lat' dir='ltr'><strong>divinatione</strong></span> <span class='ocrx_word' id='word_1_243' title='bbox 449 2876 610 2929; x_wconf 68' lang='lat' dir='ltr'><strong>eonshteret·</strong></span> <span class='ocrx_word' id='word_1_244' title='bbox 623 2901 634 2922; x_wconf 79' lang='grc' dir='ltr'>ι</span> <span class='ocrx_word' id='word_1_245' title='bbox 646 2905 686 2916; x_wconf 87' lang='grc'><strong>-</strong></span> <span class='ocrx_word' id='word_1_246' title='bbox 695 2875 778 2948; x_wconf 80' lang='lat' dir='ltr'><strong>Neque</strong></span> <span class='ocrx_word' id='word_1_247' title='bbox 820 2881 906 2933; x_wconf 86' lang='lat' dir='ltr'><strong>acrior</strong></span> <span class='ocrx_word' id='word_1_248' title='bbox 921 2891 947 2932; x_wconf 91' lang='lat' dir='ltr'><strong>et</strong></span> <span class='ocrx_word' id='word_1_249' title='bbox 956 2880 1056 2932; x_wconf 83' lang='lat' dir='ltr'><strong>acutior</strong></span> <span class='ocrx_word' id='word_1_250' title='bbox 1067 2879 1181 2934; x_wconf 77' lang='lat' dir='ltr'><strong>ridetur.</strong></span> <span class='ocrx_word' id='word_1_251' title='bbox 1197 2884 1321 2936; x_wconf 87' lang='lat' dir='ltr'><strong>Ceterum</strong></span> 
     </span>
     <span class='ocr_line' id='line_1_29' title="bbox 268 2953 1322 3033; baseline 0.003 -21"><span class='ocrx_word' id='word_1_252' title='bbox 268 2963 378 3033; x_wconf 71' lang='lat' dir='ltr'><strong>flagitio.</strong></span> <span class='ocrx_word' id='word_1_253' title='bbox 393 2957 484 3028; x_wconf 85' lang='lat' dir='ltr'><strong>Neque</strong></span> <span class='ocrx_word' id='word_1_254' title='bbox 502 2953 675 3026; x_wconf 71' lang='lat' dir='ltr'><strong>turpitudine.</strong></span> <span class='ocrx_word' id='word_1_255' title='bbox 689 2955 778 3020; x_wconf 84' lang='lat' dir='ltr'><strong>Nihil,</strong></span> <span class='ocrx_word' id='word_1_256' title='bbox 820 2977 875 3011; x_wconf 89' lang='lat' dir='ltr'><strong>nou</strong></span> <span class='ocrx_word' id='word_1_257' title='bbox 889 2957 1021 3012; x_wconf 84' lang='lat' dir='ltr'><strong>eredimus</strong></span> <span class='ocrx_word' id='word_1_258' title='bbox 1040 2979 1100 3013; x_wconf 87' lang='lat' dir='ltr'><strong>cum</strong></span> <span class='ocrx_word' id='word_1_259' title='bbox 1118 2962 1158 3014; x_wconf 88' lang='lat' dir='ltr'><strong>cl.</strong></span> <span class='ocrx_word' id='word_1_260' title='bbox 1173 2963 1208 3015; x_wconf 90' lang='lat' dir='ltr'><strong>V.</strong></span> <span class='ocrx_word' id='word_1_261' title='bbox 1222 2963 1322 3016; x_wconf 76' lang='lat' dir='ltr'><strong>Dureau</strong></span> 
     </span>
     <span class='ocr_line' id='line_1_30' title="bbox 275 3034 1321 3111; baseline 0.004 -21"><span class='ocrx_word' id='word_1_262' title='bbox 275 3039 378 3110; x_wconf 88' lang='lat' dir='ltr'><strong>inquit,</strong></span> <span class='ocrx_word' id='word_1_263' title='bbox 409 3055 455 3088; x_wconf 86' lang='lat' dir='ltr'><strong>vos</strong></span> <span class='ocrx_word' id='word_1_264' title='bbox 472 3047 574 3099; x_wconf 75' lang='lat' dir='ltr'><strong>movet3</strong></span> <span class='ocrx_word' id='word_1_265' title='bbox 593 3052 679 3105; x_wconf 88' lang='lat' dir='ltr'><strong>neque</strong></span> <span class='ocrx_word' id='word_1_266' title='bbox 693 3034 778 3104; x_wconf 75' lang='lat' dir='ltr'><strong>gloria</strong></span> <span class='ocrx_word' id='word_1_267' title='bbox 820 3038 932 3092; x_wconf 73' lang='grc' dir='ltr'><strong>«ΙιΙαΜ,</strong></span> <span class='ocrx_word' id='word_1_268' title='bbox 945 3057 993 3109; x_wconf 89' lang='lat' dir='ltr'><strong>per</strong></span> <span class='ocrx_word' id='word_1_269' title='bbox 1001 3040 1174 3111; x_wconf 51' lang='lat' dir='ltr'><strong>verbenae&amp;</strong></span> <span class='ocrx_word' id='word_1_270' title='bbox 1183 3043 1321 3108; x_wconf 77' lang='lat' dir='ltr'><strong>abstraatur,</strong></span> 
     </span>
     <span class='ocr_line' id='line_1_31' title="bbox 274 3111 1321 3192; baseline 0.005 -21"><span class='ocrx_word' id='word_1_271' title='bbox 274 3124 315 3189; x_wconf 85' lang='lat' dir='ltr'><strong>jus</strong></span> <span class='ocrx_word' id='word_1_272' title='bbox 338 3129 453 3170; x_wconf 86' lang='lat' dir='ltr'><strong>vestrum</strong></span> <span class='ocrx_word' id='word_1_273' title='bbox 474 3111 668 3185; x_wconf 79' lang='lat' dir='ltr'><strong>recuperandi,</strong></span> <span class='ocrx_word' id='word_1_274' title='bbox 691 3131 779 3184; x_wconf 86' lang='lat' dir='ltr'><strong>neque</strong></span> <span class='ocrx_word' id='word_1_275' title='bbox 822 3118 897 3172; x_wconf 83' lang='lat' dir='ltr'><strong>innui</strong></span> <span class='ocrx_word' id='word_1_276' title='bbox 910 3118 994 3188; x_wconf 76' lang='lat' dir='ltr'><strong>legem</strong></span> <span class='ocrx_word' id='word_1_277' title='bbox 1003 3119 1129 3182; x_wconf 66' lang='lat' dir='ltr'><strong>Porciam</strong></span> <span class='ocrx_word' id='word_1_278' title='bbox 1142 3123 1321 3192; x_wconf 82' lang='lat' dir='ltr'><strong>etperverba,</strong></span> 
     </span>
     <span class='ocr_line' id='line_1_32' title="bbox 276 3191 1322 3271; baseline 0.001 -19"><span class='ocrx_word' id='word_1_279' title='bbox 276 3195 413 3271; x_wconf 86' lang='lat' dir='ltr'><strong>turpitudo</strong></span> <span class='ocrx_word' id='word_1_280' title='bbox 422 3191 738 3248; x_wconf 81' lang='lat' dir='ltr'><strong>ineternumarnittendi.</strong></span> <span class='ocrx_word' id='word_1_281' title='bbox 752 3225 784 3269; x_wconf 90' lang='grc' dir='ltr'><strong>-Ι</strong></span> <span class='ocrx_word' id='word_1_282' title='bbox 821 3197 867 3248; x_wconf 79' lang='lat' dir='ltr'><strong>leue</strong></span> <span class='ocrx_word' id='word_1_283' title='bbox 882 3201 915 3250; x_wconf 83' lang='lat' dir='ltr'><strong>ire</strong></span> <span class='ocrx_word' id='word_1_284' title='bbox 930 3198 1107 3262; x_wconf 68' lang='lat' dir='ltr'><strong>duratium,</strong></span> <span class='ocrx_word' id='word_1_285' title='bbox 1129 3201 1322 3255; x_wconf 85' lang='lat' dir='ltr'><strong>immunitatem</strong></span> 
     </span>
     <span class='ocr_line' id='line_1_33' title="bbox 277 3273 1322 3353; baseline 0.001 -21"><span class='ocrx_word' id='word_1_286' title='bbox 277 3279 395 3331; x_wconf 75' lang='lat' dir='ltr'><strong>Praesenti</strong></span> <span class='ocrx_word' id='word_1_287' title='bbox 410 3278 514 3346; x_wconf 60' lang='grc' dir='ltr'><strong><em>ἰμανία.</em></strong></span> <span class='ocrx_word' id='word_1_288' title='bbox 529 3273 592 3345; x_wconf 87' lang='lat' dir='ltr'><strong>Sup.</strong></span> <span class='ocrx_word' id='word_1_289' title='bbox 609 3293 664 3344; x_wconf 85' lang='lat' dir='ltr'><strong>pro.</strong></span> <span class='ocrx_word' id='word_1_290' title='bbox 679 3274 780 3327; x_wconf 81' lang='lat' dir='ltr'><strong>Cuncta</strong></span> <span class='ocrx_word' id='word_1_291' title='bbox 822 3276 935 3340; x_wconf 76' lang='lat' dir='ltr'><strong>militie,</strong></span> <span class='ocrx_word' id='word_1_292' title='bbox 944 3295 1002 3348; x_wconf 76' lang='lat' dir='ltr'><strong>quae</strong></span> <span class='ocrx_word' id='word_1_293' title='bbox 1014 3289 1091 3330; x_wconf 78' lang='lat' dir='ltr'><strong>sextae</strong></span> <span class='ocrx_word' id='word_1_294' title='bbox 1104 3279 1178 3332; x_wconf 82' lang='lat' dir='ltr'><strong>classi</strong></span> <span class='ocrx_word' id='word_1_295' title='bbox 1190 3293 1322 3353; x_wconf 83' lang='lat' dir='ltr'><strong>compete·</strong></span> 
     </span>
     <span class='ocr_line' id='line_1_34' title="bbox 277 3353 1324 3432; baseline 0.001 -20"><span class='ocrx_word' id='word_1_296' title='bbox 277 3371 362 3412; x_wconf 83' lang='lat' dir='ltr'><strong>vestra</strong></span> <span class='ocrx_word' id='word_1_297' title='bbox 369 3355 511 3426; x_wconf 81' lang='lat' dir='ltr'><strong>abjecistis,</strong></span> <span class='ocrx_word' id='word_1_298' title='bbox 525 3354 658 3426; x_wconf 79' lang='lat' dir='ltr'><strong>praesentis</strong></span> <span class='ocrx_word' id='word_1_299' title='bbox 670 3353 779 3424; x_wconf 75' lang='lat' dir='ltr'><strong>ignavie</strong></span> <span class='ocrx_word' id='word_1_300' title='bbox 821 3356 874 3409; x_wconf 88' lang='lat' dir='ltr'><strong>bat.</strong></span> <span class='ocrx_word' id='word_1_301' title='bbox 898 3355 1016 3408; x_wconf 87' lang='lat' dir='ltr'><strong>Primum</strong></span> <span class='ocrx_word' id='word_1_302' title='bbox 1035 3358 1106 3409; x_wconf 83' lang='lat' dir='ltr'><strong>enim</strong></span> <span class='ocrx_word' id='word_1_303' title='bbox 1126 3377 1179 3411; x_wconf 91' lang='lat' dir='ltr'><strong>non</strong></span> <span class='ocrx_word' id='word_1_304' title='bbox 1192 3358 1227 3412; x_wconf 89' lang='lat' dir='ltr'><strong>ad</strong></span> <span class='ocrx_word' id='word_1_305' title='bbox 1240 3361 1324 3432; x_wconf 82' lang='lat' dir='ltr'><strong>prole·</strong></span> 
     </span>
     <span class='ocr_line' id='line_1_35' title="bbox 278 3433 1324 3507; baseline -0.003 -14"><span class='ocrx_word' id='word_1_306' title='bbox 278 3437 406 3494; x_wconf 83' lang='lat' dir='ltr'><strong>illecebris</strong></span> <span class='ocrx_word' id='word_1_307' title='bbox 419 3433 498 3506; x_wconf 88' lang='lat' dir='ltr'><strong>capti.</strong></span> <span class='ocrx_word' id='word_1_308' title='bbox 512 3464 552 3476; x_wconf 88' lang='lat'>-</span> <span class='ocrx_word' id='word_1_309' title='bbox 566 3435 632 3504; x_wconf 83' lang='lat' dir='ltr'><strong>Quia</strong></span> <span class='ocrx_word' id='word_1_310' title='bbox 644 3437 717 3504; x_wconf 73' lang='lat' dir='ltr'><strong>tergis</strong></span> <span class='ocrx_word' id='word_1_311' title='bbox 727 3433 781 3484; x_wconf 84' lang='lat' dir='ltr'><strong>abs·</strong></span> <span class='ocrx_word' id='word_1_312' title='bbox 821 3435 902 3488; x_wconf 86' lang='lat' dir='ltr'><strong>tarioa</strong></span> <span class='ocrx_word' id='word_1_313' title='bbox 914 3436 983 3488; x_wconf 81' lang='lat' dir='ltr'><strong>solos</strong></span> <span class='ocrx_word' id='word_1_314' title='bbox 995 3437 1128 3507; x_wconf 77' lang='lat' dir='ltr'><strong>loquitur3</strong></span> <span class='ocrx_word' id='word_1_315' title='bbox 1148 3436 1246 3492; x_wconf 85' lang='lat' dir='ltr'><strong>deinde</strong></span> <span class='ocrx_word' id='word_1_316' title='bbox 1257 3438 1324 3492; x_wconf 87' lang='lat' dir='ltr'><strong>dixit</strong></span> 
     </span>
     <span class='ocr_line' id='line_1_36' title="bbox 279 3511 1324 3587; baseline 0.002 -19"><span class='ocrx_word' id='word_1_317' title='bbox 279 3525 377 3578; x_wconf 71' lang='lat' dir='ltr'><strong>linetae,</strong></span> <span class='ocrx_word' id='word_1_318' title='bbox 400 3527 449 3567; x_wconf 88' lang='lat' dir='ltr'><strong>etc.</strong></span> <span class='ocrx_word' id='word_1_319' title='bbox 476 3513 586 3566; x_wconf 81' lang='lat' dir='ltr'><strong>Liberos</strong></span> <span class='ocrx_word' id='word_1_320' title='bbox 606 3511 710 3566; x_wconf 81' lang='lat' dir='ltr'><strong>abunde</strong></span> <span class='ocrx_word' id='word_1_321' title='bbox 733 3531 779 3564; x_wconf 85' lang='lat' dir='ltr'><strong>voe</strong></span> <span class='ocrx_word' id='word_1_322' title='bbox 822 3517 1209 3587; x_wconf 75' lang='lat' dir='ltr'><strong>supra,aeaenpliusseeguieem</strong></span> <span class='ocrx_word' id='word_1_323' title='bbox 1220 3531 1324 3570; x_wconf 70' lang='lat' dir='ltr'><strong>uernam</strong></span> 
     </span>
     <span class='ocr_line' id='line_1_37' title="bbox 280 3589 1323 3666; baseline -0.004 -13"><span class='ocrx_word' id='word_1_324' title='bbox 280 3597 401 3658; x_wconf 85' lang='lat' dir='ltr'><strong>creditis,</strong></span> <span class='ocrx_word' id='word_1_325' title='bbox 414 3595 475 3665; x_wconf 88' lang='lat' dir='ltr'><strong>quia</strong></span> <span class='ocrx_word' id='word_1_326' title='bbox 493 3611 539 3645; x_wconf 84' lang='lat' dir='ltr'><strong>vos</strong></span> <span class='ocrx_word' id='word_1_327' title='bbox 554 3589 656 3645; x_wconf 86' lang='lat' dir='ltr'><strong>domini</strong></span> <span class='ocrx_word' id='word_1_328' title='bbox 675 3611 730 3644; x_wconf 89' lang='lat' dir='ltr'><strong>non</strong></span> <span class='ocrx_word' id='word_1_329' title='bbox 750 3605 780 3644; x_wconf 81' lang='lat' dir='ltr'><strong>ut</strong></span> <span class='ocrx_word' id='word_1_330' title='bbox 818 3595 994 3666; x_wconf 56' lang='lat' dir='ltr'><strong>pendentm...</strong></span> <span class='ocrx_word' id='word_1_331' title='bbox 1002 3595 1064 3646; x_wconf 83' lang='lat' dir='ltr'><strong>absit</strong></span> <span class='ocrx_word' id='word_1_332' title='bbox 1072 3597 1203 3666; x_wconf 77' lang='lat' dir='ltr'><strong>pen&#39;culare</strong></span> <span class='ocrx_word' id='word_1_333' title='bbox 1214 3611 1240 3649; x_wconf 89' lang='lat' dir='ltr'><strong>et</strong></span> <span class='ocrx_word' id='word_1_334' title='bbox 1248 3599 1323 3658; x_wconf 74' lang='lat' dir='ltr'><strong>labae,</strong></span> 
     </span>
     <span class='ocr_line' id='line_1_38' title="bbox 280 3669 1324 3745; baseline -0.003 -14"><span class='ocrx_word' id='word_1_335' title='bbox 280 3691 378 3732; x_wconf 86' lang='lat' dir='ltr'><strong>eeteros</strong></span> <span class='ocrx_word' id='word_1_336' title='bbox 402 3692 489 3726; x_wconf 81' lang='lat' dir='ltr'><strong>servos</strong></span> <span class='ocrx_word' id='word_1_337' title='bbox 521 3669 629 3743; x_wconf 78' lang='lat' dir='ltr'><strong>flagellis</strong></span> <span class='ocrx_word' id='word_1_338' title='bbox 653 3670 777 3736; x_wconf 79' lang='lat' dir='ltr'><strong>caedunt,</strong></span> <span class='ocrx_word' id='word_1_339' title='bbox 822 3673 904 3745; x_wconf 80' lang='lat' dir='ltr'><strong>quidus</strong></span> <span class='ocrx_word' id='word_1_340' title='bbox 919 3676 985 3726; x_wconf 80' lang='lat' dir='ltr'><strong>nulla</strong></span> <span class='ocrx_word' id='word_1_341' title='bbox 996 3693 1055 3744; x_wconf 84' lang='lat' dir='ltr'><strong>pare</strong></span> <span class='ocrx_word' id='word_1_342' title='bbox 1064 3677 1160 3742; x_wconf 78' lang='lat' dir='ltr'><strong>seua-tas</strong></span> <span class='ocrx_word' id='word_1_343' title='bbox 1174 3689 1217 3729; x_wconf 77' lang='lat' dir='ltr'><strong>est.</strong></span> <span class='ocrx_word' id='word_1_344' title='bbox 1238 3678 1324 3742; x_wconf 85' lang='lat' dir='ltr'><strong>Quan-</strong></span> 
     </span>
     <span class='ocr_line' id='line_1_39' title="bbox 280 3748 1324 3828; baseline -0.004 -16"><span class='ocrx_word' id='word_1_345' title='bbox 280 3748 779 3826; x_wconf 73' lang='lat' dir='ltr'><strong>autergastulie,velludogladiatorio,</strong></span> <span class='ocrx_word' id='word_1_346' title='bbox 822 3753 1324 3828; x_wconf 72' lang='lat' dir='ltr'><strong>quamlongeetiemdnrioreret,quoad</strong></span> 
     </span>
     <span class='ocr_line' id='line_1_40' title="bbox 281 3830 1326 3907; baseline -0.004 -17"><span class='ocrx_word' id='word_1_347' title='bbox 281 3834 426 3891; x_wconf 86' lang='lat' dir='ltr'><strong>includunt.</strong></span> <span class='ocrx_word' id='word_1_348' title='bbox 438 3862 478 3874; x_wconf 92' lang='lat'><em>-</em></span> <span class='ocrx_word' id='word_1_349' title='bbox 490 3831 592 3884; x_wconf 82' lang='lat' dir='ltr'><strong>Munera</strong></span> <span class='ocrx_word' id='word_1_350' title='bbox 606 3831 691 3880; x_wconf 68' lang='lat' dir='ltr'><strong>ditatura</strong></span> <span class='ocrx_word' id='word_1_351' title='bbox 704 3830 780 3880; x_wconf 81' lang='lat' dir='ltr'><strong>dorer&#39;·</strong></span> <span class='ocrx_word' id='word_1_352' title='bbox 823 3831 1267 3904; x_wconf 79' lang='lat' dir='ltr'><strong>miliu&#39;um‚agrestisquamurbanes</strong></span> <span class='ocrx_word' id='word_1_353' title='bbox 1273 3836 1326 3907; x_wconf 89' lang='lat' dir='ltr'><strong>ple·</strong></span> 
     </span>
     <span class='ocr_line' id='line_1_41' title="bbox 280 3909 1305 3983; baseline 0 -16"><span class='ocrx_word' id='word_1_354' title='bbox 280 3933 370 3967; x_wconf 76' lang='lat' dir='ltr'><strong>raanan.</strong></span> <span class='ocrx_word' id='word_1_355' title='bbox 395 3911 498 3964; x_wconf 83' lang='lat' dir='ltr'><strong>Munere</strong></span> <span class='ocrx_word' id='word_1_356' title='bbox 527 3909 634 3980; x_wconf 83' lang='lat' dir='ltr'><strong>proprie</strong></span> <span class='ocrx_word' id='word_1_357' title='bbox 653 3921 780 3971; x_wconf 75' lang='lat' dir='ltr'><strong>vocantur</strong></span> <span class='ocrx_word' id='word_1_358' title='bbox 822 3909 1191 3983; x_wconf 84' lang='lat' dir='ltr'><strong>bieconditio,idquestatim</strong></span> <span class='ocrx_word' id='word_1_359' title='bbox 1205 3915 1305 3967; x_wconf 84' lang='lat' dir='ltr'><strong>innuet.</strong></span> 
     </span>
    </p>

    <p class='ocr_par' dir='ltr' id='par_1_6' title="bbox 279 3987 1327 4066">
     <span class='ocr_line' id='line_1_42' title="bbox 279 3987 1327 4066; baseline 0.002 -20"><span class='ocrx_word' id='word_1_360' title='bbox 279 3989 424 4066; x_wconf 82' lang='lat' dir='ltr'><strong>spectacula</strong></span> <span class='ocrx_word' id='word_1_361' title='bbox 437 3987 606 4060; x_wconf 73' lang='lat' dir='ltr'><strong>gladiatoria,</strong></span> <span class='ocrx_word' id='word_1_362' title='bbox 628 3989 655 4040; x_wconf 90' lang='lat' dir='ltr'><strong>in</strong></span> <span class='ocrx_word' id='word_1_363' title='bbox 669 4006 727 4058; x_wconf 75' lang='lat' dir='ltr'><strong>que</strong></span> <span class='ocrx_word' id='word_1_364' title='bbox 742 3989 780 4040; x_wconf 83' lang='lat' dir='ltr'><strong>la·</strong></span> <span class='ocrx_word' id='word_1_365' title='bbox 864 3991 909 4054; x_wconf 73' lang='grc'><strong>43.</strong></span> <span class='ocrx_word' id='word_1_366' title='bbox 926 3991 1075 4060; x_wconf 66' lang='grc' dir='ltr'><em>Αῃωεὶὂω.</em></span> <span class='ocrx_word' id='word_1_367' title='bbox 1089 3993 1164 4045; x_wconf 89' lang='lat' dir='ltr'><strong>Plebi</strong></span> <span class='ocrx_word' id='word_1_368' title='bbox 1173 3995 1327 4048; x_wconf 76' lang='lat' dir='ltr'><strong>rustica.-</strong></span> 
     </span>
    </p>
   </div>
   <div class='ocr_carea' id='block_1_6' title="bbox 0 0 1486 4666">
    <p class='ocr_par' dir='ltr' id='par_1_7' title="bbox 0 0 1486 4666">
     <span class='ocr_line' id='line_1_43' title="bbox 0 0 1486 4666; baseline 0 0"><span class='ocrx_word' id='word_1_369' title='bbox 0 0 1486 4666; x_wconf 95' lang='lat' dir='ltr'><strong> </strong></span> 
     </span>
    </p>
   </div>
  </div>
 </body>
</html>
