2950 4648
298 351 374 436 484
549 427 563 448 ,
617 349 686 416 AD
714 349 751 416 C.
781 347 1040 416 CAESAREM

298 483 447 566 fortuna,
466 503 550 573 saepe
571 480 709 566 invidio,
729 479 843 574 fatigat
865 506 871 546 :
892 479 949 546 ubi
971 480 1077 545 anima
1093 491 1219 546 naturae
1238 479 1355 568 cessit,

295 587 412 654 demtis
441 586 750 673 obtrectationibus,
774 588 845 679 ipsa
871 611 904 652 sc
934 586 1036 652 virtus
1058 584 1161 676 magis
1183 587 1355 680 magisque

295 691 430 760 extollit.
457 721 475 756 u

347 801 431 886 Quae
453 797 533 866 mihi
548 796 640 866 utilia
659 797 748 867 factu
768 798 836 866 visa
855 811 947 886 sunt,
959 821 1095 890 quaeque
1111 795 1170 864 tibi
1192 798 1266 866 usui
1282 797 1354 864 sore

294 904 436 990 credidi,
465 927 563 998 quam
590 906 803 997 paucissumis
833 905 944 998 potui,
977 905 1159 997 perscripsi.
1194 905 1350 970 Ceterum

292 1009 370 1096 deos
389 1009 588 1078 immortales
605 1011 771 1098 obtestor,
788 1011 850 1096 uti,
867 1033 1074 1104 quocumque
1087 1009 1187 1078 modo
1205 1033 1299 1103 ages,
1313 1031 1351 1077 ca

292 1141 343 1184 res
365 1117 422 1185 tibi
440 1119 552 1211 reique
572 1115 710 1211 publicae
732 1141 889 1212 prospere
909 1117 1044 1185 eveniat.

613 1352 927 1431 EPISTOLA
961 1352 1044 1428 ΙΙ..

342 1526 368 1590 Ι.
402 1525 468 1590 Pro
491 1546 571 1590 vero
600 1537 697 1590 antea
725 1522 895 1592 obtinebat
909 1521 930 1608 ¹,
959 1547 1060 1617 regna
1089 1537 1187 1615 atque
1213 1523 1348 1616 imperia

291 1629 458 1696 fortunam
480 1627 568 1696 dono
586 1627 679 1714 dare,
705 1631 783 1697 item
802 1628 883 1716 alia,
905 1654 977 1722 quae
998 1654 1058 1722 per
1080 1627 1234 1697 mortales
1252 1627 1346 1696 avide

290 1736 487 1826 cupiuntur;
508 1735 584 1826 quia
603 1746 636 1801 et
654 1735 742 1828 apud
766 1735 917 1828 indignos
940 1759 1025 1829 saepe
1044 1749 1156 1820 erant,
1173 1736 1266 1828 quasi
1288 1759 1347 1828 per

290 1837 469 1906 lubidinem
486 1838 580 1922 data;
596 1865 702 1933 neque
717 1842 867 1933 cuiquam
882 1843 1074 1935 incorrupta
1089 1856 1344 1934 permanserant.

291 1945 355 2012 Sed
372 1945 573 2034 resdocuit,
595 1945 628 2014 id
650 1971 766 2015 verum
787 1971 875 2034 esse,
892 1946 981 2040 quod
1009 1949 1041 2014 in
1063 1947 1263 2015 carminibus
1279 1949 1344 2040 Ap-

289 2052 362 2144 pius
390 2049 466 2138 ait²,
486 2051 630 2120 Fabrum
656 2078 726 2122 esse
755 2078 918 2146 quemque
948 2053 1287 2146 sortunae1atquein
1314 2067 1346 2119 te

290 2265 335 2315 tes,
359 2252 405 2307 sed
428 2260 602 2328 inposterum,
632 2257 710 2322 etiam
734 2257 795 2311 vivo
944 2250 1173 2307 EPISTULA
1197 2248 1243 2304 II.

291 2335 400 2387 Csesare.
416 2369 455 2378 -
475 2339 572 2409 Tuoque
581 2342 649 2390 unius
659 2357 731 2399 mors,
746 2351 794 2391 etc.
880 2337 944 2390 Car.
961 2339 983 2389 I.
1008 2339 1093 2390 1.Pro
1107 2357 1203 2389 uera...
1215 2333 1343 2386 obtinebat.

294 2438 305 2460 ι
313 2415 449 2487 Tantaque
463 2417 513 2468 erit
524 2430 575 2469 turs
584 2419 644 2470 vitos
651 2417 796 2484 claritudo,
839 2415 941 2470 Eodem
950 2417 1003 2470 sere
1011 2435 1087 2469 sensu
1097 2416 1148 2469 hoc
1155 2415 1264 2468 verbum
1273 2433 1346 2466 usur·

289 2505 321 2546 ut
334 2495 387 2546 sola
400 2513 471 2548 mors
481 2495 579 2567 aliquid
587 2498 611 2549 ei
620 2495 797 2567 superaddere
840 2509 897 2566 pat,
914 2515 967 2567 quo
983 2497 1009 2548 in
1020 2497 1036 2547 J
1038 2496 1144 2567 ugurtb.
1157 2495 1250 2560 XVII,
1265 2513 1293 2545 n.
1312 2498 1345 2556 6,

289 2573 381 2642 possit.
394 2599 405 2619 .
424 2573 479 2626 Cur
494 2595 558 2627 vero
570 2575 638 2628 dixit
652 2588 694 2627 tua
706 2581 797 2628 mulas?
840 2587 866 2627 et
877 2576 993 2642 Lm,
1007 2595 1034 2628 n.
1050 2582 1075 2638 4.
1092 2577 1160 2627 Ante
1174 2574 1296 2628 Curtium
1308 2574 1346 2626 le·

290 2651 360 2714 Quia
375 2652 485 2723 intelligi
505 2655 607 2720 voluit,
635 2675 719 2707 unum
742 2674 797 2708 esse
839 2656 962 2724 gebatur,
974 2655 1077 2725 populus
1095 2674 1204 2706 romanus
1219 2665 1291 2704 antea
1305 2653 1347 2704 oh·

291 2729 488 2800 Cresarem,qui
500 2735 796 2786 mortuusCmsarevivo
841 2734 945 2794 toreham
962 2751 1020 2803 qus
1036 2735 1115 2785 lectio
1133 2746 1160 2785 et
1173 2731 1244 2803 apud
1258 2733 1344 2794 illum,

290 2807 386 2860 clarior
393 2810 498 2860 futurus
507 2809 548 2861 sit.
560 2811 633 2862 Mors
644 2824 730 2864 autem
740 2814 797 2882 glo·
840 2825 866 2864 et
880 2811 950 2883 apud
961 2813 1088 2879 Haerere,
1104 2810 1209 2863 abunde
1225 2812 1345 2863 conluta·

290 2886 358 2937 riam
370 2887 509 2940 confirmat
520 2901 662 2959 augetque,
681 2892 743 2960 quia
757 2893 796 2942 vi·
840 2903 892 2944 tur.
919 2891 1066 2961 Sabjectum,
1096 2903 1251 2951 atrocem,
1271 2890 1344 2942 verbi
1408 2953 1412 2964 Ι

291 2981 350 3016 rum
371 2963 477 3016 invidis
496 2980 521 3018 et
541 2967 653 3020 lortunae
673 2971 796 3039 periculis
839 2971 991 3036 obtinebat,
1007 2983 1062 3024 toto
1074 2970 1220 3042 propositio
1227 2972 1344 3035 est,sor·

291 3043 391 3097 eximit.
401 3043 496 3096 Omnis
503 3047 581 3117 hujus
591 3047 642 3100 loci
655 3046 796 3103 difficultas
840 3061 920 3101 tunam
935 3049 997 3102 dano
1012 3051 1083 3113 darc,
1098 3061 1147 3102 etc.
1168 3082 1208 3092 -
1225 3049 1276 3100 Per
1287 3068 1347 3100 mar·

291 3123 377 3174 oritisr
392 3142 424 3176 ex
443 3143 508 3177 voce
522 3131 598 3178 roura.
623 3127 698 3179 Hanc
713 3142 740 3181 et
754 3147 796 3181 re·
840 3130 1083 3202 tales...crpiarrtur.
1111 3129 1229 3194 Coruus,
1246 3141 1277 3182 ut
1290 3129 1346 3181 huc

290 3201 363 3273 liqna
379 3205 467 3257 omnia
481 3205 575 3258 eodem
588 3207 642 3260 lere
657 3207 738 3260 modo
751 3227 796 3261 ox·
839 3207 961 3261 Sallustio
970 3207 1078 3280 indigno
1084 3203 1255 3280 pronunciet,
1267 3209 1345 3260 intel·

290 3283 442 3354 posuimus,
451 3303 504 3355 quo
516 3287 619 3357 elegans
630 3289 725 3340 harum
731 3289 796 3360 Epi·
838 3288 896 3359 ligit
907 3294 1033 3359 cipiantur
1045 3309 1061 3340 a
1072 3289 1216 3340 mortalibus.
1225 3286 1277 3340 Sed
1285 3287 1343 3359 quis

290 3363 417 3416 stolarum
430 3364 560 3438 interpres
576 3368 683 3438 gallicus
701 3369 796 3422 Eusdbe
838 3386 893 3420 non
906 3367 980 3422 ridet
991 3388 1036 3439 per
1052 3370 1163 3419 mortales
1184 3365 1255 3419 idem
1275 3385 1343 3432 esse,

290 3441 405 3496 Salverte.
418 3445 473 3498 Nec
487 3447 563 3500 aliter
574 3447 701 3501 intellexit
712 3449 744 3502 cl.
757 3449 796 3500 De
839 3447 910 3518 quod
922 3449 988 3518 apud
999 3449 1040 3500 vel
1051 3454 1113 3500 iuter
1124 3449 1249 3507 mortales:
1263 3459 1294 3499 ut
1300 3465 1344 3516 per

290 3522 397 3575 Brosses.
411 3523 793 3580 ControveroDareaudelaM.
840 3539 913 3578 terras
929 3540 983 3591 est,
1001 3531 1026 3578 iu
1042 3537 1157 3580 terramus
1171 3527 1245 3579 orbe?

290 3601 327 3654 ita
349 3604 551 3674 interpretatur,
579 3619 609 3656 ut
624 3607 710 3660 Cesar
725 3605 796 3678 apud
881 3627 906 3660 s.
923 3608 953 3658 Ia
962 3607 1104 3660 carminibus
1111 3609 1255 3678 Applicuit.
1266 3605 1344 3676 Appii

289 3683 795 3753 posterosgloriaomniumconfessione
839 3685 1344 3759 Caecicarmen‚ePytbagorraorumin-

289 3762 375 3831 agnita
395 3763 524 3816 fruiturus
537 3763 584 3828 sit,
607 3765 702 3817 clarior
717 3767 795 3819 etiam
838 3767 936 3818 stitutio
949 3785 1004 3818 uon
1019 3767 1177 3830 abhorrens,
1192 3763 1282 3816 laudat
1294 3765 1343 3816 Pa-

289 3853 350 3908 post
365 3854 489 3908 mortem,
505 3862 584 3914 quem
601 3844 679 3896 fuerit
690 3846 718 3897 in
731 3847 794 3898 rita.
838 3845 931 3898 aetius
942 3846 970 3898 in
979 3846 1061 3918 Epist.
1073 3845 1107 3897 ad
1120 3847 1154 3910 Q.
1164 3846 1343 3897 Tuberonem.

289 3917 398 3985 Sedsie,
411 3925 457 3993 qui
470 3923 503 3976 sit
513 3942 574 3977 usus
580 3925 702 3979 vocabuli
712 3930 792 3988 unius,
838 3925 873 3976 Et
882 3943 912 3976 ex
923 3927 980 3996 ejus
990 3925 1124 3978 sententiis
1135 3919 1344 3993 citantqasrdsm

288 4002 419 4054 nonsatis
434 4017 549 4074 apparet.
839 4003 930 4058 Festus
948 4017 974 4059 et
990 4005 1146 4060 Priscianus.
1176 4005 1285 4062 Wsssr.
1304 4031 1344 4044 --
