2910 4666
553 408 843 516 susurrat.
1145 405 1219 480 313

159 549 307 618 miserias
331 561 469 636 vocant,
489 546 651 644 voluptati
677 549 845 619 habuisset
864 574 872 616 τ
892 549 952 618 nisi
975 561 1085 618 tamen
1103 573 1220 644 respu-

158 653 266 743 blica,
291 657 470 751 pariterue
488 657 677 724 saevissumo
701 657 862 750 imperio,
885 655 971 725 bane
986 670 1084 750 atqua
1100 656 1220 725 decore

159 777 260 855 gesta.
919 845 928 860 ·

216 869 272 938 CI.
300 869 405 962 Igitur
424 881 543 962 quarto
562 867 702 962 denique
722 867 790 956 die,
810 867 899 938 haud
921 865 1020 964 longe
1038 868 1081 938 ab
1099 867 1223 963 oppido

161 975 256 1044 Cirta
289 973 432 1068 undique
460 973 556 1043 simul
583 973 823 1068 speculatores¹
853 977 908 1044 citi
930 1000 1000 1045 sese
1022 975 1223 1044 ostendunt:

162 1103 229 1173 qua
239 1105 275 1149 re
286 1079 390 1150 hostis
398 1079 512 1152 edesse
525 1079 803 1177 intellegitur.Sed
814 1082 891 1176 quia
899 1081 1022 1150 divorsi
1034 1081 1224 1168 redeuntes,

161 1184 246 1256 alius
259 1187 302 1256 ab
312 1184 374 1256 alia
385 1201 602 1282 parte,atque
615 1212 730 1256 omnes
745 1186 833 1256 idem
852 1187 1097 1282 significabant5
1109 1186 1223 1256 consul

163 1293 329 1381 incertus,
350 1317 495 1388 quonam
519 1293 620 1364 modo
645 1295 750 1364 aoiem
771 1295 969 1380 instrueret,
989 1291 1080 1362 nullo
1109 1291 1224 1362 ordine

164 1414 386 1484 commutato,
405 1399 582 1478 advorsum
604 1402 714 1471 omnia
732 1415 883 1496 paratus,
902 1401 1024 1471 ibidem
1043 1401 1223 1495 opperitur.

161 1507 216 1573 Ita
227 1505 425 1601 Iugurtham
438 1531 513 1602 spes
524 1507 698 1595 frustrata,
709 1509 766 1602 qui
780 1509 891 1602 copias
906 1509 940 1576 in
954 1522 1097 1603 quatuor
1114 1519 1225 1601 partes

162 1611 502 1702 ‹listribuerat3ratus,
510 1639 549 1683 ex
559 1613 713 1684 omnibus
726 1637 820 1708 aeque
830 1612 955 1710 aliquos
967 1615 1010 1684 ab
1019 1628 1113 1708 tergo
1122 1613 1227 1682 hosti·

163 1717 228 1787 bus
246 1733 412 1790 venturos.
441 1722 577 1790 Interim
596 1719 707 1809 Sulla,
735 1745 833 1814 quern
860 1723 1005 1816 primum
1029 1721 1227 1814 attigerant,

162 1824 358 1895 cohortatus
378 1851 477 1915 suos,
499 1830 689 1916 turmatim,
710 1841 743 1896 et
765 1851 865 1922 quam
894 1851 1047 1897 maxume
1069 1825 1225 1896 confertis

163 1932 355 2026 equis,ipse
375 1931 515 2028 aliique²
538 1937 675 2004 Mauros
694 1933 876 2002 invadunt:
891 1936 991 2002 ceteri
1011 1936 1045 2002 in
1063 1931 1138 2002 loeo
1157 1956 1227 2000 ma·

162 2051 281 2106 nentes
301 2039 343 2108 ab
360 2038 478 2132 jaculis
507 2043 635 2111 eminus
657 2041 782 2110 emissis
808 2064 950 2134 corpora
973 2055 1104 2134 tegere,
1126 2053 1178 2126 et,
1200 2039 1227 2105 si

162 2144 272 2237 quiin
293 2167 411 2214 manus
432 2161 607 2226 venerant,
622 2147 832 2216 obtruncare.
854 2148 946 2215 Dum
964 2170 1004 2215 eo
1018 2144 1118 2214 modo
1135 2144 1227 2237 eqtii·

163 2263 216 2318 tes
234 2248 439 2344 praeliantur,
455 2253 607 2324 Bocchus
625 2277 701 2324 oum
721 2251 899 2348 peditibus,
915 2277 998 2348 quos
1013 2249 1124 2320 Volux
1142 2248 1228 2318 lilius

164 2356 237 2450 ejus
258 2356 456 2445 adduxerat,
476 2351 611 2454 (neque
628 2361 662 2428 in
679 2361 790 2455 priore
811 2382 939 2453 pugna,
961 2359 995 2428 in
1016 2358 1132 2426 itinere
1152 2381 1229 2424 mo-

164 2464 244 2550 rati,
254 2455 464 2554 adfuerant,)
475 2480 677 2560 postremam
691 2467 919 2536 Romanorum
935 2465 1040 2535 aciem
1052 2461 1228 2532 invadunt:

165 2673 297 2746 Lycurgi,
305 2675 441 2730 laboribus
450 2675 577 2730 erudiunt
583 2675 677 2748 juven·
719 2676 892 2748 interpretes;
904 2687 932 2728 et
945 2675 1001 2747 ipre
1015 2675 1122 2730 Cortins
1133 2675 1230 2729 frasne

168 2765 273 2819 tutem,
292 2753 430 2822 venando,
450 2755 600 2823 curando,
617 2776 676 2812 esu·
720 2769 775 2824 est,
789 2755 854 2809 dum
870 2774 898 2810 se
915 2773 1008 2808 verum
1021 2753 1118 2809 vidisse
1137 2753 1230 2808 eredit.

167 2833 280 2899 mendo,
290 2833 418 2900 sitiendo,
429 2834 554 2908 algendo,
565 2849 677 2890 ntuen-
719 2837 802 2890 Atrea
809 2835 891 2889 facilis
897 2847 965 2890 est:-
973 2835 1001 2888 st
1008 2835 1120 2888 Romani
1127 2835 1232 2907 agmine

167 2913 215 2966 do·
231 2939 242 2961 ι
258 2945 300 2957 —-
313 2915 372 2968 Nisi
389 2927 474 2969 tamen.
497 2915 530 2970 Id
547 2929 603 2984 est,
621 2918 695 2972 aive'
720 2915 850 2988 quadmo
857 2935 912 2969 non
922 2913 1154 2981 inuaderent,illos
1161 2927 1232 2968 certe

165 2993 471 3066 perambitionem,sive
479 2995 677 3050 consuetudinis
721 3009 823 3068 atergo
832 2996 948 3050 invasuri
956 3007 1031 3050 eram
1040 2995 1232 3068 aliquiAlrioa·

167 3091 245 3127 cansa
255 3073 308 3126 boc
318 3074 462 3140 laceret,id
473 3077 565 3148 ntique
575 3089 677 3130 certum
720 3077 763 3142 ni,
770 3077 825 3130 sive
833 3076 876 3142 bi,
884 3077 938 3130 eive
947 3076 999 3141 illi,
1007 3077 1074 3128 nullo
1082 3075 1228 3136 discrimen,

167 3166 224 3218 est,
237 3152 350 3224 publice
362 3155 470 3208 utilitati
481 3169 508 3209 et
519 3156 610 3227 gloria
622 3175 678 3210 non
721 3156 821 3230 qnippe
836 3156 882 3228 qni
895 3175 911 3209 e
925 3167 1040 3228 quatuor
1053 3156 1131 3210 simul
1145 3154 1229 3226 parti-

166 3234 257 3287 minus
280 3233 314 3286 ab
340 3233 386 3288 illo
409 3237 559 3290 oonanltum
580 3236 677 3302 lamae,
721 3237 771 3289 bus
790 3233 969 3289 adventarent.
985 3235 1082 3288 Parnm
1100 3234 1230 3288 enimin·

168 3311 288 3385 quamsi
303 3315 473 3370 savinianum
490 3315 633 3387 imperium
649 3316 678 3368 in
721 3327 835 3381 tereret,
849 3334 943 3387 aquam
959 3314 1090 3386 erat,an
1105 3313 1232 3366 Romanis

169 3392 271 3446 milites
301 3393 465 3448 exercuisset.
496 3393 600 3448 Eodem
624 3396 679 3448 lere
722 3391 1053 3466 atergovenirentmodo
1064 3393 1154 3464 aliqui.
1165 3390 1233 3445 Inde

170 3491 249 3526 senen
271 3486 413 3544 usurpatur
433 3479 483 3540 nasi
501 3487 595 3537 tamen,
619 3493 677 3547 sup.
722 3486 793 3528 reete
806 3471 890 3539 dixit,
906 3493 972 3545 oque
983 3474 1084 3544 abbans.
1150 3513 1151 3518 ¹

140 3583 145 3593 ·
171 3553 314 3618 xxlvm.
332 3552 358 3605 3.
765 3573 790 3606 a.
811 3553 866 3622 Ipsa
883 3553 980 3624 aliique.
1002 3552 1063 3623 Ipse
1083 3563 1110 3605 et
1132 3551 1177 3604 alii
1198 3568 1231 3604 ex

210 3632 277 3687 cn.
292 3630 337 3686 CI.
354 3654 376 3687 r.
394 3632 567 3704 Speculatores.
585 3633 646 3687 Seil.
664 3653 680 3686 ι
723 3633 871 3704 equitibns;
896 3633 952 3704 ipae
975 3643 1002 3685 et
1021 3650 1082 3704 pars
1102 3631 1231 3702 equitnm.

170 3711 259 3766 ldario
275 3712 348 3765 misai
360 3713 526 3785 exploratum
541 3711 607 3785 qnid
619 3731 679 3785 age·
722 3745 764 3757 —
778 3711 866 3766 Ceteri.
880 3711 922 3766 Se.
936 3712 1044 3784 equites.
1056 3741 1097 3755 -
1111 3712 1142 3764 In
1150 3713 1233 3781 priore

171 3804 226 3855 ret,
244 3804 291 3844 aut
310 3810 365 3863 quo
383 3809 410 3846 te
431 3794 512 3846 ferret
530 3793 621 3847 bostis.
639 3825 680 3836 -
720 3812 814 3864 pugne.
833 3793 874 3846 De
893 3811 945 3864 qna
961 3790 1043 3846 ruodo
1058 3791 1159 3844 mentio
1172 3790 1232 3844 luit.

172 3871 309 3924 Advorsum
335 3877 414 3924 omnia
434 3885 545 3943 parterm
573 3872 680 3945 Quippe
724 3873 944 3925 -Bocrluaserna
953 3870 1232 3944 marmandam

171 3951 218 4020 qni
231 3948 361 4022 quadrato
374 3952 478 4022 agmine
488 3951 679 4008 incederet-
725 3951 768 4014 Sie
782 3953 860 4006 Catil.
877 3951 986 4004 XLIII:
1004 3953 1118 4006 Lentulus
1131 3969 1184 4004 eron
1198 3970 1235 4002 os·

172 4029 258 4100 AEque
267 4030 368 4103 aliquos.
377 4031 436 4086 lloc
447 4052 514 4104 oeque
525 4032 592 4086 mire
604 4033 681 4087 torsit
727 4037 810 4086 teris...
825 4035 1003 4086 constituerant.
