2938 4654
557 387 853 456 JUGURTHA.
1158 393 1227 477 241
1292 327 1295 334 ·

171 511 259 584 lecto
276 517 409 604 cuncti,
426 531 484 586 aut
499 541 620 614 magna
638 543 715 614 pars
733 518 933 589 Siccensium
952 517 1051 588 fidem
1070 524 1231 593 mutavis-

169 637 269 691 sent:
292 637 384 692 tanta
408 622 592 694 mobilitate
612 650 681 695 sese
704 625 859 696 Numidae
882 640 994 720 agunt.
1021 627 1087 696 Sed
1114 629 1233 699 milites

169 714 364 822 Iugurthini
385 729 563 826 paullisper
583 732 625 800 ab
647 756 725 826 rege
744 719 944 822 sustentati⁶,
961 747 1137 827 postquam
1159 760 1231 803 ma-

168 830 239 924 jore
255 836 289 902 vi
312 837 423 906 hostes
441 853 577 933 urgent,
596 841 709 934 paucis
729 831 879 928 amissis,
899 840 1033 935 profugi
1050 839 1231 911 discedunt.

223 941 331 1011 Lvtl.
360 945 487 1013 Marius
513 943 556 1013 ad
582 943 736 1014 Zamam¹
757 948 916 1040 pervenit.
944 946 985 1014 ld
1012 947 1173 1042 oppidum
1199 950 1233 1016 in

171 1069 290 1142 campo
312 1050 428 1138 situm,
446 1052 551 1146 magis
573 1077 687 1146 opere,
706 1076 805 1146 quam
823 1067 942 1120 natura
960 1056 1126 1122 munitum
1147 1069 1233 1143 erat,

170 1152 289 1223 nullius
311 1155 437 1226 idoneae
455 1159 502 1225 rei
521 1182 636 1252 egens,
655 1160 754 1227 armis
775 1159 921 1252 virisque
939 1157 1143 1253 opulentum.
1166 1161 1232 1256 Igi-

170 1271 223 1326 tur
234 1260 404 1350 Metellus,
419 1288 481 1358 pro
494 1279 643 1359 tempore
655 1280 754 1359 atque
764 1262 838 1334 loco
852 1267 974 1359 paratis
989 1265 1102 1353 rebus,
1112 1280 1234 1335 cuncta

169 1369 289 1434 moenia
311 1371 457 1438 exercitu
474 1373 705 1454 circumvenit3
721 1370 836 1465 legatis
848 1371 1005 1465 imperat,
1019 1371 1077 1438 ubi
1094 1373 1233 1466 quisque

170 1487 315 1558 curaret3
328 1473 463 1564 deinde,
476 1478 571 1570 signo
590 1476 684 1564 dato,
695 1476 841 1570 undique
860 1475 956 1546 simul
973 1475 1098 1546 clamor
1117 1479 1233 1571 ingens

169 1580 281 1647 oritur.
298 1583 416 1675 Neque
432 1605 469 1649 ea
492 1607 545 1652 res
564 1583 726 1652 Numidas
749 1597 852 1651 terret
876 1608 883 1650 :
911 1582 1029 1652 infensi
1050 1585 1233 1678 intentique

169 1685 235 1753 sine
264 1686 409 1756 tumultu
429 1703 573 1756 manent.
602 1688 754 1758 Praelium
781 1686 966 1783 incipitur².
989 1691 1147 1777 Romani,
1170 1715 1232 1784 pro

168 1791 299 1887 ingenio
318 1795 474 1889 quisque,
489 1819 566 1890 pars
585 1797 713 1865 eminus
735 1794 871 1890 glande,
887 1809 945 1863 aut
964 1794 1126 1889 lapidibus
1147 1820 1231 1892 pug-

168 1920 267 1986 nare;
288 1898 342 1968 alii
368 1901 562 1990 succedere,
585 1925 624 1972 ac
644 1925 777 1970 murum
799 1901 899 1969 modo
926 1901 1112 1989 suffodere,
1130 1903 1232 1972 modo

168 2003 260 2074 scalis
276 2006 426 2101 aggredi3
439 2033 562 2102 cupere
577 2007 728 2101 praelium
743 2007 939 2076 inmanibus
956 1993 1090 2076 lacere³.
1105 2010 1232 2076 Contra

167 2203 210 2246 tur
228 2206 338 2258 exeunt,
355 2205 381 2245 et
395 2193 469 2264 signa
488 2191 611 2246 adversus
631 2209 675 2264 ag·
719 2191 819 2264 pretari
832 2203 907 2264 potes
921 2191 968 2253 ad,
983 2191 1057 2262 quasi
1076 2202 1143 2244 esset
1156 2192 1229 2262 apud.

166 2269 329 2342 gredientem
358 2273 518 2344 Iugurtham
548 2271 674 2325 inferunt.
762 2271 912 2324 a.Proelium
926 2275 1044 2341 bwtpieur.
1059 2267 1159 2322 Eodem
1170 2288 1230 2323 ver·

168 2349 290 2404 Ceterum
308 2356 379 2421 sigua
392 2353 492 2419 inferre,
511 2351 630 2405 absolute
645 2365 676 2404 ut
718 2351 754 2402 bo
766 2351 851 2402 utitur
859 2350 935 2403 Tacit
946 2349 1014 2402 Hist.
1026 2369 1052 2414 v,
1066 2366 1116 2420 17:
1130 2376 1141 2397 ι
1156 2349 1229 2403 Saxis

165 2429 209 2483 hic
229 2432 362 2503 positum,
379 2433 471 2503 gallice
490 2431 558 2485 verti
579 2431 675 2503 possit,
718 2429 922 2501 glandibusque,
934 2441 961 2481 et
969 2429 1062 2482 ceteris
1072 2429 1228 2495 misellibus,

164 2530 189 2562 se
199 2524 327 2581 portereau
342 2525 422 2566 aeaut.
432 2543 473 2555 --
482 2511 592 2564 Evadere
606 2515 675 2582 appi·
717 2509 839 2580 prelium
856 2511 975 2579 incipitue.
990 2535 1001 2556 ι
1018 2508 1075 2561 Nee
1087 2522 1157 2562 certe
1170 2528 1228 2580 pas·

165 2591 228 2642 darn.
242 2591 351 2646 Cortiue
361 2610 422 2644 oum
435 2593 528 2645 ceteris
536 2592 612 2662 legit,
623 2611 676 2643 eva·
717 2587 1227 2658 sirumistudestoontragrammatioam.

165 2669 499 2743 demoppt'do,·sedsemttlle
507 2671 672 2741 aitoppt'dum,
717 2667 786 2721 Nam
798 2681 829 2722 ut
841 2681 912 2721 recte
925 2666 1037 2732 dicitur,
1048 2669 1159 2738 proelt'tun
1171 2673 1229 2721 iaci·

166 2765 259 2823 quarto
274 2769 351 2816 catu,
365 2763 396 2804 ut
409 2753 437 2804 in
452 2751 513 2804 bist.
526 2750 630 2821 Fragrn.
645 2753 674 2805 I:
713 2752 798 2818 pluat,
815 2745 911 2821 qrridni
929 2761 1000 2802 reete
1022 2765 1146 2819 quoque,
1164 2767 1229 2818 prce·

168 2855 180 2880 ι
199 2832 273 2886 Gens
292 2849 352 2884 raro
371 2849 473 2903 egressa
489 2830 555 2883 fines
575 2849 642 2883 suos.
659 2856 670 2878 ι
717 2828 940 2900 Ιίιωιυὶιωὶμίτιινι)
955 2857 996 2870 --
1016 2827 1121 2880 Glande.
1146 2827 1228 2882 Glans

164 2912 243 2984 Atqui
257 2909 389 2983 oppidum
401 2911 496 2983 legitur
507 2911 672 2964 innostrorl.
716 2909 838 2961 militaris
859 2921 913 2974 est,
929 2907 1052 2980 globulus
1073 2909 1227 2979 plumbeus,

165 2997 219 3044 Hoc
234 2992 330 3062 igitur,
343 2992 388 3043 tali
404 2991 558 3044 auctoritate
571 3003 598 3043 et
610 2991 675 3043 Con·
716 3006 796 3059 quem
805 2987 888 3042 lunda
896 2989 1004 3059 aliisque
1014 2987 1141 3040 machinis
1148 2989 1228 3058 jacie·

164 3071 194 3123 tii
215 3072 346 3124 sententia
369 3071 445 3137 freti,
465 3081 601 3143 reponere·
618 3087 673 3122 non
716 3068 913 3121 bant-Ante
926 3069 1022 3132 verba,
1037 3067 1082 3117 alii
1092 3067 1228 3133 abcedere,

163 3149 351 3204 dubitavimus.
715 3147 815 3201 babent
824 3148 960 3212 nonnulli,
972 3147 1070 3198 evadere
1083 3147 1139 3208 alii,
1154 3147 1228 3219 quod

115 3253 117 3258 ’
203 3235 230 3285 6.
251 3231 391 3301 Paulluper
412 3231 443 3282 ab
464 3249 519 3300 rege
540 3233 672 3282 sustentati.
716 3229 812 3280 merito
828 3228 935 3282 Curtius
949 3226 1077 3296 exagitat,
1092 3245 1142 3278 neo
1157 3227 1228 3280 ullus

162 3309 213 3364 lut
226 3311 278 3364 CI:
291 3336 302 3358 ι
316 3312 386 3364 Dum
397 3311 413 3362 J
415 3310 529 3381 ugurtha
542 3321 674 3361 sturemare
715 3321 868 3360 nostrorum
877 3303 956 3359 codd.
969 3305 1084 3357 exbibet.
1094 3305 1230 3359 Succedunt

162 3407 223 3443 suos
238 3403 266 3443 et
283 3409 369 3462 prope
386 3391 440 3460 jam
456 3388 673 3460 adeptamrieto·
715 3405 827 3458 nempe,
842 3384 871 3438 id
893 3397 943 3442 est,
957 3384 1173 3458 appropinquant
1189 3385 1229 3442 'ad

162 3471 229 3523 mam
244 3471 361 3523 retinere
379 3472 488 3541 eupit·
508 3470 606 3522 Milites
620 3487 674 3520 sua·
715 3483 831 3519 marum.

164 3561 255 3602 tentare
275 3563 314 3604 est
337 3569 381 3602 eos
402 3549 535 3621 exemplo,
553 3561 579 3601 et
592 3567 673 3615 voce,
758 3547 784 3600 3.
797 3545 946 3596 Proeliumin
958 3543 1162 3610 manibussaom
1175 3545 1228 3598 Co..

163 3641 189 3683 et
202 3631 328 3683 omnibus
343 3627 429 3682 modia
443 3630 570 3694 retinere,
586 3629 674 3681 nela-
716 3626 805 3678 minus
828 3641 954 3696 pugnare.
979 3623 1067 3676 Dietio
1093 3623 1181 3688 enim,
1203 3629 1229 3677 in

162 3710 241 3780 gimt.
717 3705 842 3767 manibus,
865 3703 1012 3776 opponitur
1037 3703 1097 3756 voni
1122 3707 1227 3767 amabas,

202 3791 267 3843 Car.
283 3789 368 3842 LVII.
387 3807 411 3842 r.
426 3787 472 3842 Ad
482 3789 596 3841 Zabram.
614 3789 675 3840 Jam
717 3804 775 3857 quae
784 3785 893 3857 proprie
909 3797 963 3849 eat,
974 3783 1118 3846 amnibus,
1135 3795 1166 3835 ut
1178 3783 1228 3836 co·

162 3871 327 3935 notavimus,
347 3867 381 3922 ad
396 3869 472 3923 Catil.
493 3870 557 3934 XL,
570 3885 674 3940 prepo-
718 3869 794 3918 minas
808 3877 862 3930 est,
875 3883 927 3916 caua
942 3864 1056 3916 manibus.
1074 3864 1191 3915 Pretium
1203 3867 1229 3917 in

163 3950 270 4004 sitiones
286 3949 403 4002 inveniri
417 3949 496 4003 etiam
511 3967 572 4001 cum
587 3949 675 4000 nomi-
718 3946 826 3997 mum'bus
833 3946 931 4013 suem,
947 3962 1030 4015 grece
1040 3941 1108 3995 dixit
1120 3943 1229 4016 Thucy·

163 4029 239 4084 albos
255 4031 375 4084 urbium.
391 4029 517 4084 Ceterum
531 4028 576 4082 bic
591 4028 674 4084 iuter·
717 4024 941 4098 (Ιίἆωεγινομίνης
949 4021 1004 4077 tus
1011 4021 1130 4094 χιρσὶτῆς
1137 4024 1229 4096 μάχης.

1000 4128 1047 4202 16
