2950 4646
249 309 318 380 162
498 311 536 377 C.
565 309 739 377 CRISPI
767 309 1050 377 SALLUSTII

245 441 454 510 transductus
475 455 533 510 est.
556 441 608 509 lbi
625 463 728 534 quum
747 437 851 508 multa
870 439 911 508 de
928 438 1187 509 administrando
1205 439 1305 532 impe·

246 551 296 617 rio
322 547 538 635 dissererent,
558 546 722 641 Jugurtlra
749 547 834 614 inter
857 545 936 615 alias
961 572 1012 615 res
1034 547 1133 640 jacit,
1151 559 1305 640 oportere

246 655 459 747 quinquennii
477 651 627 723 consulta
645 653 754 721 omnia
772 666 806 720 et
824 652 956 722 decreta
973 651 1132 724 rescindi:
1149 675 1226 720 nam
1245 677 1305 746 per

246 784 285 828 ea
303 775 453 853 tempora
474 760 662 828 confectum
677 761 770 828 annis
789 759 962 853 Micipsam
980 783 1099 854 parum
1120 760 1230 827 animo
1247 781 1304 825 va·

246 864 352 934 luisse.
373 868 458 934 Tum
482 866 568 936 idem
591 864 759 960 Hiempsal
777 863 907 959 placere
931 867 991 936 sibi
1017 865 1208 962 respondit:
1226 887 1304 932 nam

245 972 354 1065 ipsum
371 970 463 1040 illum
477 972 581 1041 tribus
596 972 647 1040 his
661 974 831 1067 proxumis
846 974 939 1042 annis
952 972 1189 1067 adoptatione
1181 997 1213 1040 m
1232 995 1305 1064 reg·

246 1103 326 1146 num
341 1080 552 1172 pervenisse·
544 1131 552 1165 ,
568 1079 657 1174 quod
672 1079 835 1147 verbum
826 1104 861 1146 m
858 1093 987 1208 pectus
1004 1079 1175 1172 Jugurthae
1191 1076 1306 1164 altius,

246 1208 345 1302 quam
365 1187 541 1280 quisquam
560 1200 670 1273 ratus,
688 1169 880 1254 descenditl
901 1187 1016 1277 Itaque
1035 1209 1079 1252 ex
1100 1209 1140 1252 eo
1157 1199 1306 1277 tempore

247 1290 296 1358 ira
317 1305 350 1358 et
370 1306 461 1360 metu
483 1293 598 1360 anxius
605 1290 761 1377 ⁷moliri,
783 1313 920 1384 parare,
941 1305 1039 1383 atque
1059 1313 1098 1358 ea
1113 1289 1214 1358 modo
1233 1289 1306 1356 ani-

247 1421 302 1464 mo
320 1396 461 1485 hahere,
474 1398 593 1491 quibus
616 1394 784 1490 Hiempsal
806 1421 866 1489 per
883 1394 996 1464 dolum
1018 1409 1200 1489 caperetur.
1223 1395 1308 1482 Quae

247 1502 305 1570 ubi
323 1502 448 1571 tardius
469 1501 671 1596 procedunt,
692 1526 798 1596 neque
819 1500 939 1570 lenitur
956 1503 1084 1570 animus
1106 1501 1221 1587 ferox,
1241 1514 1309 1568 sta-

247 1608 311 1674 tuit
332 1609 449 1700 quovis
471 1607 571 1676 modo
590 1609 758 1702 inceptum
779 1607 947 1702 perficere.

300 1715 378 1780 XII.
406 1715 517 1782 Primo
538 1729 722 1802 conventu,
739 1739 837 1808 quem
860 1714 902 1782 ab
923 1712 1043 1808 regulis
1064 1713 1188 1782 facmm
1210 1735 1310 1805 supra

248 1820 447 1906 memoravi,
468 1833 606 1913 propter
621 1820 855 1889 dissensionem
872 1819 1041 1914 placuerat
1059 1817 1159 1887 dividi
1177 1819 1309 1886 thesau-

249 1949 322 2008 ros,
339 1923 486 2018 finesque
501 1927 630 2019 imperii
647 1925 782 2020 singulis
801 1927 967 1996 constitui.
985 1927 1101 2019 Itaque
1120 1940 1249 2018 tempus
1267 1923 1309 1992 ad

248 2044 423 2124 utramque
439 2055 509 2099 rem
526 2030 731 2118 decernitur,
743 2032 800 2101 sed
818 2034 977 2100 maturius
993 2031 1036 2100 ad
1054 2033 1226 2126 pecuniam
1244 2029 1309 2098 dis-

247 2136 467 2205 tribuendam.
487 2135 606 2230 Reguli
624 2139 747 2207 interea
768 2139 803 2206 in
823 2137 895 2207 loca
916 2140 1100 2232 propinqua
1118 2137 1279 2206 thesauris
1287 2133 1310 2224 ¹,

248 2239 331 2311 alius
353 2241 433 2331 alio,
455 2267 656 2312 concessere.
675 2244 739 2313 Sed
761 2243 931 2338 Hiempsal
951 2246 985 2312 in
1001 2243 1124 2338 oppido
1142 2241 1311 2312 Thirmida

249 2348 335 2418 forte
349 2350 419 2442 ejus
438 2349 539 2419 domo
553 2350 724 2440 utebatur,
735 2353 792 2444 qui
805 2375 986 2445 proxumus
999 2349 1094 2418 lictor
1109 2353 1129 2418 J
1130 2349 1280 2445 ugurthae
1287 2346 1312 2437 ²,

292 2537 319 2585 6.
329 2532 421 2585 Altius.
424 2572 470 2586 .....
482 2533 610 2585 &scandit
622 2531 693 2585 Mira
703 2549 762 2585 ver
803 2532 884 2584 ιίιιιιιι
896 2532 996 2585 Marius
1002 2532 1085 2604 quod
1091 2532 1314 2602 ibimgr'stlsesnure'

250 2611 348 2663 borum
361 2613 401 2665 ris
409 2630 491 2683 ,qun
504 2611 547 2664 his
561 2611 669 2682 Virgilii
687 2629 761 2664 com·
803 2622 880 2671 erant,
889 2630 988 2663 summo
995 2631 1022 2664 ιι
1029 2630 1122 2683 capere
1132 2609 1254 2664 intendit
1261 2612 1314 2663 De·

251 2691 340 2760 parari
354 2703 475 2761 queant:
803 2708 887 2760 mque
893 2691 1000 2758 Strabo
1007 2709 1065 2744 mr
1067 2690 1194 2763 Capsam
1203 2693 1229 2745 τὸ
1236 2692 1313 2761 reto

397 2775 447 2815 Hm
448 2775 572 2816 semusto
547 2785 717 2830 οιιιοιιηιοιτω
724 2787 762 2816 see
805 2730 1106 2842 φυλάκιοντοῦῗέυγούρθα
1114 2771 1242 2824 nominat.
1250 2770 1314 2822 Non

242 2841 246 2844 ’
295 2866 321 2916 7.
333 2847 413 2899 Iroet
425 2852 592 2900 metuamus
605 2846 718 2909 Atreius,
731 2857 762 2898 ut
804 2867 903 2902 mirum
914 2863 995 2920 igitur
1007 2869 1138 2921 s1,quum
1149 2869 1212 2902 mox
1224 2848 1315 2902 distet

253 2926 317 2979 hine
335 2937 422 2997 patet,
436 2945 492 2979 non
511 2945 614 2998 semper
634 2925 705 2979 idem
723 2938 763 2980 est
804 2927 910 2982 buenda
920 2943 987 2983 esset
1002 2931 1181 3002 pecunia,qo
1145 2929 1256 2999 quisque
1269 2945 1314 2980 re·

253 3003 326 3077 quod
340 3005 454 3058 sollicitus
461 3026 472 3068 ;
487 3005 533 3058 sed
546 3023 596 3077 pro
612 3007 763 3059 vehementi
804 3008 926 3079 gulosum
937 3027 969 3061 eo
978 3027 1005 3062 se
1013 3008 1167 3072 contulerit,
1177 3007 1225 3060 ubi
1236 3020 1316 3061 erant

254 3085 373 3156 quolibet
383 3083 480 3138 affectu
490 3099 642 3156 usurpatur.
652 3085 763 3154 Angites·
803 3087 1100 3153 tlaesauri,velcustodin
1106 3086 1315 3158 causa,velquod

254 3164 325 3216 enim
340 3176 430 3234 pectus
451 3179 478 3218 et
498 3165 630 3236 premitur
649 3165 762 3219 maxime
804 3168 842 3220 sie
855 3169 983 3220 intereos
994 3161 1168 3222 constitutum
1182 3167 1283 3221 fuisset.

253 3243 292 3295 ira
306 3257 334 3296 et
346 3256 427 3296 metu.
846 3266 871 3300 ι
882 3248 1017 3300 Proxumus
1025 3248 1096 3300 lictor
1109 3247 1248 3317 lugunltoe.
1256 3248 1314 3299 Lr’e·

296 3324 1316 3399 Cn.xl1.11nlocapmpmquatte:onmntetlsgesamrhuemtugurtha

254 3407 341 3458 saeris.
364 3402 499 3459 Videntur
524 3405 566 3459 isti
589 3407 762 3460 harbarorum
805 3407 969 3474 ministrum,
982 3407 1024 3461 vel
1043 3405 1201 3462 fidissimum
1216 3405 1316 3458 satelli-

255 3483 383 3536 Afrorum
402 3502 476 3556 reges
495 3485 641 3577 pluribus'
633 3505 662 3538 ιιι
684 3485 762 3557 oppi·
805 3497 866 3539 tem.
880 3487 949 3540 Nam
962 3487 1198 3580 solentscriptores
1208 3481 1315 3538 mmani

254 3561 296 3616 dis
311 3564 427 3634 locisque
439 3565 549 3617 munitis
562 3563 697 3617 thesauros
714 3564 761 3617 ha·
804 3583 913 3618 nomme
919 3585 972 3619 auu
982 3567 1162 3620 adumetiam
1172 3563 1317 3618 edentem

253 3641 348 3696 lauisse.
360 3643 428 3696 Nam
438 3644 497 3708 int,
505 3643 655 3708 XXXVH,
665 3661 764 3696 memo·
804 3656 894 3716 gentes
916 3647 1073 3713 transserre;
1089 3641 1317 3717 quemadmodum

255 3735 296 3774 rat
306 3721 409 3775 Sallust.
418 3719 549 3794 oppidum
558 3720 662 3785 Suthul,
672 3723 715 3774 ubi
723 3743 762 3774 re·
804 3742 832 3776 v.
838 3743 863 3796 g.
873 3725 964 3778 livius
973 3737 1105 3779 senatores
1113 3724 1318 3796 Carthaginien·

253 3802 486 3870 gutdesmierant.
493 3801 562 3854 Item
570 3801 761 3866 uxxvffha-
805 3822 857 3868 ses,
869 3823 946 3857 more
958 3823 1085 3868 romano,
1097 3817 1185 3878 patres
1200 3803 1318 3858 mmeri-

253 3880 323 3946 lam,
336 3882 377 3934 ubr'
386 3881 494 3953 plerique
507 3881 618 3934 thesaure
632 3881 761 3935 Praeterea
804 3895 865 3954 ptos
888 3895 972 3938 vocat.
997 3885 1083 3938 Porro
1108 3883 1250 3938 vmisimile
1274 3897 1319 3940 eet

255 3959 760 4033 XCII,castellumaliquodinsaxopo·
804 3961 877 4017 hune
891 3964 1029 4035 Iugurtha
1039 3964 1192 4020 munuum
1202 3961 1317 4018 domum
