2938 4654
197 391 272 464 266
455 395 493 463 c.
523 373 699 463 cntsrt
727 391 1007 463 ssnnusrn

195 549 314 620 resque
334 549 409 594 suas
434 523 573 594 afflictas
595 522 726 608 vident,
748 547 867 594 aurum
889 540 990 620 atque
1013 540 1211 620 argentum,
1232 541 1267 598 et

194 631 272 720 alia,
289 657 361 726 quar
385 633 494 727 prima
515 632 703 719 ducuntur,
723 629 861 703 domum
882 634 1008 727 regiam
1031 649 1263 729 comportant:

194 738 241 808 ibi
260 741 340 808 vino
359 753 394 809 et
413 738 519 834 epulis
539 739 688 823 onerati,
711 735 851 831 illaque,
872 755 907 810 ct
928 740 1087 830 domum,
1105 755 1139 810 et
1161 756 1266 812 semet

194 847 264 940 igni
279 861 517 942 corrumpunt3
534 860 569 916 et
579 869 661 939 quas
679 845 759 914 victi
774 845 816 914 ab
830 845 984 921 hostibus
1005 872 1121 944 poenas
1138 862 1264 918 metue-

194 965 283 1039 rant,
302 977 358 1022 aas
378 956 442 1049 ipsi
464 951 613 1024 volentes
631 938 848 1046 pependerc⁸.

247 1062 423 1131 LXXVII.
453 1061 518 1132 Sed
540 1061 663 1156 pariter
685 1084 762 1130 cum
781 1075 879 1158 capta
896 1059 1017 1132 Thala¹
1033 1059 1132 1157 legati
1149 1087 1191 1130 ax
1205 1087 1265 1156 op·

193 1165 274 1260 pido
300 1169 398 1263 Lepti
421 1168 464 1238 ad
492 1165 667 1240 Metellum
689 1181 879 1256 venerant,
906 1183 1060 1257 orantes,
1078 1170 1127 1238 uti
1148 1171 1265 1263 praesi-

192 1271 284 1342 dium
303 1275 563 1370 prtelectumquc
584 1299 625 1344 co
643 1275 812 1344 mitteret:
830 1273 1054 1349 Hamilcarem
1071 1274 1265 1370 quemdam,

191 1379 361 1450 hominem
383 1381 547 1470 nobilem,
569 1381 763 1466 factiosum,
785 1382 881 1450 novis
909 1381 1008 1451 rebus
1030 1381 1183 1468 studere,
1202 1381 1263 1449 ad-

191 1505 329 1556 vorsum
351 1515 450 1583 quam
468 1475 576 1583 neque
597 1487 736 1581 imperia
757 1489 1031 1580 magistratuum,
1048 1507 1154 1584 neque
1176 1487 1264 1583 leges

190 1591 362 1664 valerent:
385 1597 419 1663 ni
441 1595 474 1666 id
497 1595 686 1680 festinaret,
708 1593 743 1660 in
765 1617 896 1666 summo
918 1593 1071 1690 periculo
1092 1619 1185 1665 suam
1209 1619 1265 1664 sa-

192 1697 326 1789 lutcm²,
344 1699 477 1774 illorum
506 1701 614 1774 socios
639 1698 720 1770 fore.
752 1699 842 1771 Nam
867 1703 1035 1798 Leptitani
1051 1704 1120 1797 jam
1145 1701 1265 1775 iudea

190 1893 303 1946 lentium
316 1897 345 1948 vi
359 1907 497 1950 contortus
513 1913 591 1950 muro
606 1894 705 1966 impin·
749 1893 899 1966 Abydenis;
908 1897 1079 1951 Plutarchin
1088 1897 1181 1959 Bruto,
1190 1915 1265 1966 xsvt,

191 1975 314 2044 gebatur,
326 1995 405 2048 quern
419 1977 518 2030 ferrato
529 1975 616 2047 capite
629 1975 706 2028 velte·
749 1973 784 2026 de
799 1975 924 2029 Xanthiis
945 1978 972 2030 in
993 1977 1088 2048 Lycia;
1103 1975 1218 2050 Appiani
1235 1978 1264 2032 iu

189 2065 294 2108 menter
299 2057 446 2128 quassabat.
456 2056 589 2110 Describit
597 2057 706 2109 arietem
749 2055 850 2126 Illyric.
860 2055 895 2110 de
904 2057 1045 2124 Metulliis5
1053 2059 1112 2112 Liv.
1124 2058 1205 2125 XXI,
1215 2064 1264 2122 14,

190 2133 297 2188 Flavius
308 2137 440 2209 Iosephus
448 2156 507 2204 ,nn
517 2137 560 2190 Sic
567 2138 706 2190 inventum
749 2133 1100 2208 deSegnntinis‚et1xvrrr,
1112 2158 1162 2202 aa,
1171 2136 1205 2190 de
1213 2139 1263 2192 As·

189 2227 281 2268 namet
288 2218 394 2271 Vitruv.
409 2237 441 2272 1:
453 2217 706 2289 «Carthaginienses
749 2217 914 2287 tapensihns,
925 2211 1039 2279 (addere
1050 2218 1180 2289 potuisset
1188 2235 1265 2285 xxvi,

190 2293 225 2347 ad
241 2295 329 2361 Gades
348 2297 541 2370 oppugnandas
555 2309 640 2352 castra
656 2316 706 2369 po·
753 2295 844 2362 14,de
852 2298 1018 2350 senatoribus
1032 2299 1174 2369 Campanis
1181 2299 1264 2352 Vibio

190 2391 306 2431 suerent.
336 2380 428 2445 Quum
454 2391 542 2432 autem
570 2379 706 2432 castellum
750 2375 1264 2450 Viriosociisqueejus);Florus,tt,15,
1364 2401 1368 2410 ·

189 2467 252 2510 ante
275 2458 424 2529 cepissent,
443 2457 473 2512 id
498 2459 622 2517 demoliri
644 2471 707 2511 sunt
749 2454 784 2508 de
807 2457 1088 2528 Carthaginiensibus,
1103 2471 1130 2512 et
1151 2477 1190 2524 rt,
1212 2459 1266 2523 ιθ,

191 2537 288 2590 conati.
312 2539 456 2611 Postquam
476 2559 532 2593 non
555 2539 708 2594 hahuerunt
749 2535 784 2590 de
812 2537 992 2592 Numantinis.
1018 2537 1125 2592 tudens
1157 2556 1264 2609 quoque

190 2613 225 2668 ad
240 2615 441 2672 demolitionem
451 2619 622 2684 ferramenta,
637 2637 708 2672 suns·
749 2616 879 2687 templum
902 2617 1033 2671 Hierosol.
1057 2631 1086 2672 et
1109 2617 1263 2690 flagrantem

191 2697 708 2770 pserunttignum,idquemanibussus·
749 2697 843 2749 urbem
865 2697 932 2752 letis
957 2699 1076 2752 vultibus
1107 2699 1264 2770 aspexisse,

191 2776 320 2843 tinentes,
335 2779 473 2850 capiteque
495 2782 551 2851 ejus
573 2797 707 2832 summm
749 2775 948 2848 quoditanihil
961 2777 1264 2845 accumbentium-

191 2873 300 2909 murum
307 2859 475 2912 continenter
481 2861 628 2931 pulsantes,
637 2878 707 2912 sum·
749 2858 790 2910 bit
801 2858 910 2930 Ioseph.
922 2878 964 2922 ut,
975 2861 1021 2914 38.
1034 2885 1045 2908 ι
1056 2857 1134 2913 Adde
1144 2860 1195 2912 hac
1204 2877 1265 2914 not·

191 2954 249 2989 mos
263 2936 384 3009 lapidum
404 2937 511 2992 ordines
533 2939 707 3010 dejiciebant,
748 2951 791 2991 tra
814 2951 890 2992 estate
914 2952 1045 2994 vastatum
1071 2939 1124 2994 suis
1150 2937 1263 2994 flammis

191 3029 218 3068 et
229 3016 266 3098 ita
277 3017 406 3088 mdatim
417 3018 514 3074 ordine
524 3032 608 3074 totam
617 3021 707 3073 muni·
749 3019 930 3086 Mossovium,
944 3033 974 3074 ut
988 3021 1113 3092 quesitus
1124 3020 1209 3074 Gallis
1218 3039 1264 3073 ex·

192 3095 293 3150 tionem
302 3097 505 3172 dissipaverunt.
520 3127 531 3148 ·
546 3101 648 3154 Plinius
660 3120 706 3154 au·
749 3111 835 3152 uento
863 3112 996 3162 terrarum
1022 3101 1088 3154 orbe
1111 3099 1264 3172 triumphus
1344 3133 1352 3142 ·

192 3189 262 3243 tem,
271 3195 328 3244 vn,
341 3180 390 3235 56:
406 3207 418 3228 ι
428 3181 563 3235 invenisse
575 3179 676 3234 dicunt.
684 3222 705 3236 ..
749 3177 869 3246 arderet,
884 3199 986 3253 perque
994 3181 1107 3234 borealis
1117 3181 1213 3234 hiemis
1223 3199 1263 3234 as·

191 3275 304 3328 equum,
319 3261 365 3332 qni
380 3278 454 3316 nunc
469 3262 536 3316 aries
550 3263 706 3335 appellatur,
748 3261 890 3332 peritatem
905 3273 946 3314 tot
958 3262 1066 3316 urbium
1081 3262 1196 3316 uictores
1208 3274 1262 3316 tec·

193 3339 222 3389 in
235 3341 381 3395 muralibus
395 3343 540 3409 machinis,
553 3345 656 3415 Epeum
673 3341 707 3396 ad
748 3341 925 3398 torumetiam
933 3341 1051 3414 hospitio
1059 3342 1264 3408 emerentQuae

191 3419 309 3491 Troiam.
325 3447 336 3468 ι
749 3419 857 3492 quando
871 3421 978 3475 tandem
992 3423 1091 3476 bellum
1109 3421 1264 3476 duoeuhite
1363 3492 1365 3500 Α

233 3504 259 3556 8.
287 3502 432 3574 Pependere.
458 3504 608 3558 Solverunt.
630 3502 706 3557 Idem
746 3501 947 3574 sneunqquod
962 3521 1058 3575 magno
1069 3503 1146 3556 toties
1157 3503 1264 3564 virtuen-

191 3579 226 3632 de
239 3581 442 3654 Cappadocibus
453 3603 469 3636 a
482 3583 607 3638 Perdicca
620 3585 708 3638 obses·
746 3581 817 3634 tium
830 3583 917 3648 malo,
928 3583 1002 3637 nullo
1017 3596 1089 3637 certe
1100 3583 1265 3636 esnolumen·

191 3661 227 3714 sis
240 3677 331 3716 namet
341 3665 439 3718 lustin.
453 3683 520 3730 nni,
534 3668 551 3718 6
561 3683 569 3730 ;
583 3661 616 3716 ad
627 3683 706 3736 quem
745 3675 794 3729 -το,
807 3663 892 3716 victos
903 3662 1103 3735 pessumdedit?

190 3741 281 3794 locum
300 3745 357 3797 hier.
369 3747 535 3814 Berncgger:
553 3770 565 3791 ι
584 3744 646 3796 Non
659 3745 706 3797 ab·
789 3744 856 3797 Car.
877 3744 1017 3807 Lxxvn.
1045 3763 1069 3797 r.
1089 3745 1191 3796 Pariter
1210 3763 1264 3796 cum

192 3821 289 3876 similia
311 3822 454 3897 desperate
476 3823 560 3877 rabiei
580 3824 659 3894 hujus
679 3837 708 3878 et
750 3836 822 3894 cepta
841 3823 928 3878 Tuan.
943 3822 1046 3878 Eodem
1058 3837 1194 3897 tempore,
1209 3843 1265 3897 quo

192 3903 345 3957 inhumanos
360 3903 519 3959 necessitatis
533 3905 651 3976 exempla
667 3923 707 3958 re·
749 3905 834 3958 Thala
848 3917 925 3976 capta
939 3904 998 3963 fuit.

193 3983 285 4037 ferum
303 3985 428 4058 Xenoph.
446 4003 490 4052 tv,
507 3983 609 4058 Exped.
626 3985 705 4058 Cyri,
791 4005 816 4038 a.
836 3984 911 4038 Suam
929 3985 1038 4038 uhta.
1059 3985 1265 4058 Leptitanorum

195 4059 230 4114 de
243 4063 406 4134 Taochoris3
419 4065 514 4140 Polyb.
533 4085 593 4126 xrs.
610 4068 660 4132 16,
671 4064 705 4119 de
747 4065 1014 4121 scilicet-Illorum.
1023 4067 1266 4122 amorum-
