2950 4648
247 365 322 447 dio
635 365 914 436 SALLUSTII

244 519 343 588 quem
359 493 558 588 disjunctum
573 495 719 591 undique
732 501 842 593 reguis
860 514 894 570 et
907 501 1092 572 tetrarchiis
1110 503 1153 572 ab
1171 506 1309 600 imperio

245 625 379 686 eorum,
400 603 477 696 quia
504 601 592 670 fama
616 619 687 672 erat
715 605 850 676 divitem
872 631 980 701 neque
1002 611 1202 679 serviturum
1222 637 1308 700 esse,

245 731 306 801 per
320 707 537 778 Nicomedem
551 707 638 779 hello
658 709 894 783 lacessiverunt
904 712 939 798 ¹⁰5
951 714 1081 785 sceleris
1092 741 1208 786 eorum
1220 719 1307 789 haud

245 815 416 908 ignarum,
431 829 465 886 ct
478 839 535 902 ea,
551 841 624 910 quae
642 819 810 906 accidere,
829 834 984 890 testatum
1001 837 1098 891 autea
1116 826 1307 912 Cretenses,

245 918 333 990 solos
343 923 490 990 omnium
501 921 622 992 liberos
635 949 675 993 ee
685 939 881 1020 tempestate
892 979 901 1013 ,
911 942 945 996 et
955 953 1067 1023 regem
1083 929 1305 1001 Ptolemaeum.

244 1029 353 1122 Atque
379 1053 442 1124 ego
463 1027 552 1100 ultus
573 1031 728 1124 injurias,
755 1033 970 1104 Nicomedem
996 1035 1150 1130 Bithynia
1174 1038 1306 1134 expuli3

244 1121 420 1230 Asiamque
439 1135 579 1231 spolium
594 1139 679 1233 regis
692 1140 848 1210 Antiochi
867 1144 996 1236 recepi,
1010 1155 1043 1210 et
1057 1145 1306 1214 Graeciaedemsi

245 1267 346 1336 grave
368 1245 548 1312 servitium.
568 1247 706 1338 incepta
727 1271 800 1314 mea
819 1261 1007 1342 postremus
1029 1273 1201 1318 servorum
1213 1250 1235 1275 ¹¹
1252 1253 1307 1320 Αι-

244 1348 395 1436 chelaus,
412 1351 557 1420 exercitu
571 1351 721 1448 prodito,
736 1353 925 1448 impedivit:
938 1353 1063 1450 illique,
1082 1381 1166 1450 quos
1179 1359 1306 1452 ignavia

245 1561 472 1631 thridctis,vocat.
483 1563 624 1618 Suetonius
630 1563 755 1637 quidem,
799 1585 850 1620 uus
865 1567 910 1620 ille
925 1569 1122 1633 Romanorum,
1138 1570 1247 1622 nomine
1258 1569 1307 1622 sal·
1418 1585 1425 1610 ⁵

245 1644 274 1696 iu
289 1644 305 1696 l
308 1644 344 1696 ul.
363 1662 444 1708 mx,
462 1645 601 1698 mulierem
612 1645 755 1718 quemdum
799 1659 865 1714 tem,
890 1647 975 1700 socius
993 1648 1088 1702 iuerat.
1107 1647 1171 1702 vid.
1193 1651 1306 1722 Appieu.

244 1723 343 1795 Nysam
353 1725 488 1789 nominet,
497 1725 579 1778 liliam
587 1725 752 1790 Nicomedis,
799 1725 922 1780 Mithrid.
937 1759 978 1771 -
991 1727 1093 1781 Sceleris
1102 1747 1182 1780 ecncs
1195 1731 1263 1782 harad
1269 1731 1306 1799 ig·

153 1845 156 1854 ,
243 1805 318 1873 cujus
326 1821 431 1856 ceusam
440 1805 468 1857 iu
478 1818 571 1858 seuam
587 1804 707 1860 defendit
719 1807 751 1860 C.
796 1825 890 1860 uam.
918 1831 930 1855 ι
945 1807 980 1860 Et
998 1827 1047 1878 epo
1072 1807 1180 1880 quidem
1201 1809 1307 1862 sceleste

245 1884 346 1948 Casum
360 1879 431 1946 (vid.
440 1885 532 1956 fragm.
540 1889 597 1956 ejus
607 1887 752 1954 orationis,
796 1905 890 1940 eorum
919 1888 1028 1940 consilia
1059 1907 1113 1941 uon
1143 1890 1304 1960 ignorabam.

244 1963 314 2018 Gell.
327 1983 360 2030 v,
378 1956 439 2033 13).
461 1963 514 2018 Sed
530 1965 589 2019 lieri
607 1979 708 2038 potest,
722 1980 753 2022 ut
795 1967 1306 2039 lmoCretensesquisoliomuiuua‚tuuc

244 2063 298 2096 uua
314 2063 396 2108 uxor,
409 2046 491 2099 altera
505 2045 576 2114 fllia,
591 2045 685 2101 eodem
702 2067 753 2102 uo·
796 2048 941 2118 temporis,
961 2048 1040 2101 liberi
1059 2061 1154 2115 erant,
1173 2062 1200 2102 et
1218 2067 1304 2121 regem

244 2125 330 2180 mine,
352 2125 460 2179 fuerint.
476 2123 553 2180 Adde
568 2125 642 2199 quod
657 2130 751 2182 DeBr.
797 2127 969 2180 Ptolemaeum
991 2129 1071 2180 etiam
1095 2141 1170 2182 eutee
1196 2141 1305 2182 testatus

244 2203 416 2267 inSallustio‚
425 2207 525 2278 Moyse,
539 2208 682 2271 uonNusc,
690 2209 754 2280 legit
796 2208 915 2272 fueram,
929 2207 987 2260 fore
995 2220 1025 2260 ut
1032 2207 1234 2273 accideruutea,
1246 2227 1303 2281 que

244 2303 276 2336 ex
285 2286 368 2338 veteri
379 2287 545 2342 numismate.
557 2288 598 2340 Ex
606 2289 753 2360 fragmento
799 2284 896 2340 deinde
921 2286 1082 2342 ecciderunt.
1097 2313 1109 2336 ι
1142 2289 1197 2342 llos
1218 2302 1304 2342 autem

244 2365 306 2417 h'hri
317 2365 360 2430 11,
373 2385 400 2418 u.
414 2385 465 2428 ιο,
479 2365 552 2438 quod
561 2366 636 2433 vide,
648 2370 754 2423 Mithri·
796 2385 968 2420 romanorum
982 2369 1156 2422 consiliorum
1169 2381 1247 2422 testes
1260 2387 1304 2440 sp·

154 2455 158 2468 ·
244 2443 317 2498 detes
332 2446 426 2499 fulsum
437 2445 754 2522 Nicomedem,quesiex
795 2448 953 2519 pellerent,
969 2461 999 2500 ut
1010 2467 1099 2502 secum
1115 2451 1149 2502 ah
1164 2449 1196 2501 iis
1211 2467 1305 2520 prece·

243 2543 274 2578 eu
283 2525 394 2580 muliere
402 2527 521 2598 genitum
530 2566 537 2593 ,
547 2527 702 2599 produxisse
713 2531 753 2582 vi·
796 2540 904 2582 aereus:
917 2527 966 2580 hoe
976 2546 1041 2580 veru
1054 2529 1139 2593 solos,
1151 2530 1215 2600 quia
1226 2528 1305 2582 ceteri

243 2603 331 2658 detur.
794 2611 887 2680 jugum
903 2609 1046 2661 suhieraut.
1122 2647 1127 2658 .

288 2703 332 2738 ιο.
354 2686 404 2736 Per
417 2686 584 2740 Nicomedem.
595 2727 616 2739 ..
631 2690 753 2742 lacessive-
840 2707 885 2742 ιι.
898 2689 1166 2742 Parammon.
1174 2688 1304 2741 Pessimus

245 2777 309 2818 ruric.
323 2763 424 2818 Eadem
431 2765 567 2836 queritur,
576 2767 647 2838 apud
654 2769 753 2822 lustin.
796 2781 822 2821 et
837 2768 1022 2840 nequissimus.
1039 2799 1080 2812 --·
1097 2769 1242 2822 Archelaus.
1257 2771 1305 2820 hr-

244 2861 363 2909 mvnr,
380 2847 405 2898 5.
414 2845 587 2900 Nicomedem
600 2846 691 2915 initio,
703 2850 754 2902 lra-
796 2849 917 2913 chelam,
926 2847 1305 2912 dusexemitusldithridetici,

245 2924 293 2977 tris
305 2924 346 2976 sui
362 2925 455 2986 armis,
467 2939 636 2980 sementes-o
645 2929 754 2982 Mithri·
797 2929 898 2982 amissit
910 2929 1034 2994 Athenis,
1051 2927 1122 3000 apud
1133 2927 1304 2982 Εἱιιιυιιοιιιι

245 3001 754 3080 ἀιῑὶεὲιιιιᾶε,ιοριιοριῐειιιορυ1ιιιιιι
797 3021 824 3060 ct
840 3007 1040 3062 Orchomenum
1064 3009 1173 3074 uictus,
1198 3027 1304 3080 pacem

244 3085 753 3160 restitueratseuatusperlegetos,quo·
796 3087 960 3158 Mithridatis
989 3088 1120 3153 uomiue,
1147 3105 1211 3141 cum
1235 3089 1305 3160 syth

244 3165 754 3240 rumpeiucepseretld'.hquilius,idem
796 3169 964 3240 composuit,
984 3187 1081 3239 φιιιιι,
1093 3179 1233 3222 cunctatus
1259 3168 1305 3221 eli·

244 3245 292 3316 qui
307 3265 396 3300 servos
411 3247 522 3301 rebelles
538 3249 566 3302 in
581 3249 670 3302 Sicilie
682 3250 753 3304 vioe·
797 3247 916 3320 quaudiu
922 3246 1099 3314 aex,teudem
1112 3249 1304 3320 comprohevit.

245 3337 294 3378 rat.
313 3327 377 3380 Mox
395 3327 499 3382 romani
514 3327 607 3396 duces,
623 3330 669 3401 qui
683 3328 754 3383 divi·
796 3328 848 3381 Sed
865 3347 948 3400 quum
964 3329 1052 3400 magni
1073 3328 1189 3382 honores
1205 3347 1220 3381 e
1234 3329 1305 3402 Sylla

244 3417 298 3458 tem
315 3405 433 3480 predam
451 3427 483 3461 ex
503 3409 575 3464 hello
596 3411 753 3483 sperabunt,
796 3409 926 3462 Archelao
939 3409 1024 3462 hebiti
1032 3408 1159 3474 luissent,
1169 3426 1262 3480 graves
1273 3406 1307 3460 de

244 3485 417 3542 Nicomedem
430 3489 578 3561 impulere,
592 3504 622 3544 ut
630 3491 755 3545 liueshli-
795 3489 882 3561 legato
893 3509 957 3553 suo,
969 3489 1005 3541 oh
1018 3507 1120 3561 pugnas
1130 3489 1307 3561 malepugua·

244 3565 399 3622 thriduticos
415 3567 560 3624 invaderet.
576 3570 657 3636 Quod
671 3573 754 3642 gravi·
797 3581 836 3623 tes
845 3583 872 3623 et
885 3571 1003 3642 iniquam
1018 3587 1128 3640 pacem,
1145 3569 1308 3640 suspiciones

244 3659 303 3716 ter,
317 3648 362 3702 sed
379 3649 490 3715 frustm,
505 3665 612 3721 questus
628 3649 699 3723 spud
715 3653 752 3705 le·
795 3651 852 3723 regi
865 3663 963 3704 exorte
972 3662 1047 3715 suut,
1062 3649 1307 3720 grasloresmulto,

243 3740 317 3798 gatos
332 3747 381 3800 pea-
396 3727 551 3801 Pelopidam
567 3729 753 3796 Mithridates,
796 3744 951 3803 postquem,
961 3728 995 3782 ad
1005 3729 1169 3782 Fimbriana
1178 3729 1307 3800 legiones,

242 3810 324 3862 sensit
344 3807 451 3862 taudem
475 3811 577 3864 venisse
599 3823 702 3882 tempus
725 3813 753 3866 iu
797 3829 856 3945 ρρε
871 3812 941 3864 clam
955 3809 990 3863 de
1005 3827 1053 3864 suo
1068 3807 1102 3862 ad
1120 3827 1211 3880 regem
1226 3823 1310 3862 uaris·

243 3887 360 3955 bellum,
376 3891 482 3962 utrique
494 3890 564 3961 parti
575 3891 755 3963 similiter-op·
828 3891 917 3963 gieudi
940 3890 1051 3944 consilio
1076 3890 1156 3942 verbe
1179 3890 1309 3952 lecmmt,

243 3978 341 4034 tatum,
356 3969 523 4043 erumpmdi.
543 3973 582 4024 Ee
602 3971 653 4024 luit
670 3973 751 4042 primi
798 3972 892 4026 miuus
911 3971 1071 4034 Archelaus,
1086 3971 1120 4022 ah
1135 3970 1167 4022 iis
1181 3989 1231 4041 per
1245 3988 1307 4042 pru·

198 4097 201 4102 .
243 4064 304 4100 cum
315 4049 470 4106 Mithridate
481 4052 545 4108 helli
561 4052 645 4123 origo.
657 4051 754 4106 llacte·
798 4050 927 4108 ditionem
940 4063 1033 4122 captus
1045 4049 1112 4116 fuit,
1124 4049 1309 4121 interfectique
