2950 4646
229 363 304 435 206
365 447 368 454 ,
492 366 530 434 c.
559 363 727 434 cmsm
755 361 1032 430 sansnsrn

225 501 336 568 Roma
348 520 498 592 egressus
515 511 583 585 est,
598 495 703 566 fertur
719 519 805 590 saepe
820 519 861 565 eo
877 495 997 563 tacitus
1019 493 1197 588 respiciens
1213 519 1292 588 pos·

226 621 334 677 trenm
354 603 497 674 dixisse:
521 551 638 674 urlicm
665 600 816 672 venalem
837 616 871 670 et
893 615 1022 671 mature
1044 603 1244 722 perituram‚·
1266 605 1292 670 si

228 725 412 807 emptorem
433 713 607 781 invenerit

279 819 442 889 XXXVI
458 819 596 887 Interim
606 814 760 904 Albinus,
773 829 932 885 renovato
943 813 1292 903 bello,commeatum,

161 1003 163 1008 ¹
228 925 446 1020 stipendium,
468 924 552 1014 alia,
574 949 647 1019 quae
670 922 828 992 militibus
854 925 929 991 usui
948 921 1075 1012 forent,
1097 936 1242 991 maturat
1259 923 1293 990 in

225 1032 374 1101 Africam
395 1046 552 1127 portare:
572 1055 611 1101 ac
632 1033 743 1124 statim
765 1033 835 1126 ipse
856 1027 1043 1123 profectus,
1069 1030 1118 1098 uti
1135 1044 1212 1098 ante
1234 1053 1292 1097 co·

228 1140 338 1228 mitia,
352 1139 443 1234 quod
460 1153 590 1235 tempus
611 1137 702 1207 haud
724 1135 823 1232 longe
840 1136 976 1224 aberat,
1000 1137 1100 1204 armis
1122 1149 1180 1204 aut
1200 1134 1302 1204 dedi-.

227 1247 317 1316 tione
329 1300 339 1333 ,
352 1261 411 1314 aut
429 1248 546 1340 quovis
567 1244 667 1314 modo
690 1242 813 1314 bellum
834 1242 1023 1312 conficeret.
1042 1244 1088 1312 At
1105 1257 1222 1310 contra
1238 1245 1293 1310 Ju-

229 1353 350 1448 gurtha
368 1351 500 1422 trahere
523 1354 655 1438 omnia,
674 1365 707 1418 et
728 1349 824 1435 alias,
840 1349 958 1418 deinde
975 1348 1070 1436 alias,
1088 1373 1189 1418 morae
1202 1372 1294 1417 eaus-

227 1483 280 1528 sas
293 1459 417 1528 facere:
429 1458 577 1552 polliceri
589 1457 852 1544 deditionem,ae
863 1455 981 1525 deinde
992 1471 1117 1524 metum
1128 1454 1295 1541 simulare3

229 1567 364 1634 instanti
373 1564 549 1654 cedere,et
564 1563 675 1659 paullo
692 1578 786 1658 post,
801 1588 843 1632 nc
862 1565 912 1632 sui
930 1561 1136 1651 diffiderent,
1150 1564 1293 1630 instare:

229 1673 275 1739 ita
293 1669 370 1740 belli
388 1670 506 1759 modo,
520 1670 621 1740 modo
641 1671 731 1764 pacis
750 1693 843 1740 mora
862 1667 1031 1739 consulem
1050 1667 1228 1738 ludificare.
1248 1669 1296 1736 Ac

229 1777 339 1866 fuere,
356 1779 413 1871 qui
430 1791 502 1846 tum
518 1776 676 1846 Albinum
690 1775 781 1845 haud
799 1778 951 1872 ignarum
970 1773 1097 1845 consilii
1112 1777 1198 1870 regis
1215 1775 1296 1844 exis·

229 1897 412 1974 tumarent;
423 1908 530 1978 neque
542 1909 582 1952 ex
596 1896 688 1952 tanta
707 1883 940 1979 properantia¹
956 1898 1025 1952 tam
1041 1879 1136 1951 facile
1155 1895 1296 1950 tractum

230 1989 353 2059 bellum
382 1990 532 2060 secordia
559 1992 664 2086 magis
687 2015 787 2086 quam
810 1987 887 2059 dolo
910 1989 1091 2058 crederent.
1117 1987 1182 2058 Sed
1205 2003 1297 2083 post·

230 2122 355 2193 quam,
381 2095 509 2193 dilapso
538 2111 710 2192 tempore,
735 2097 947 2166 comitiorum
972 2095 1042 2165 dies
1071 2092 1298 2182 adventabat;

230 2203 387 2291 Albinus,
401 2203 488 2274 Aulo
502 2203 649 2274 fratrem
663 2205 781 2324 castris
790 2230 853 2298 pro
865 2217 1006 2298 praetore
1018 2201 1148 2291 relicto,
1158 2204 1297 2271 Romam

230 2311 378 2380 decessit

250 2419 465 2488 NJXXXVII
489 2420 538 2486 Ea
560 2431 755 2512 tempestate
777 2419 893 2486 Romae
915 2415 1129 2487 seditionibus
1156 2415 1297 2485 tribuni·

233 2526 292 2594 ciis
324 2526 480 2592 atrociter
513 2523 698 2618 respublica
720 2523 916 2618 agitabatur.
944 2525 979 2592 P.
1009 2521 1167 2592 Lucullus
1197 2537 1230 2591 et
1260 2524 1297 2590 L.

232 2633 375 2716 Annius,
393 2629 518 2697 tribuni
539 2629 663 2724 plebis,
683 2631 910 2701 resistentibus
932 2627 1088 2726 collegis,
1106 2631 1300 2698 continuare

234 2737 463 2830 magistratum
482 2736 695 2804 nitebantur:
718 2762 790 2830 quae
808 2735 966 2805 dissensio
985 2738 1086 2806 totius
1107 2737 1185 2804 anni
1205 2736 1301 2806 comi-

234 2840 295 2910 tia¹
316 2841 524 2936 impediebat.
540 2845 588 2910 Ea
609 2865 702 2910 mora
717 2845 752 2911 in
772 2867 864 2938 spem
879 2841 1041 2912 adductus
1063 2841 1184 2929 Aulus,
1202 2865 1300 2936 quem

234 2969 296 3043 pro
313 2962 454 3042 praetore
473 2949 508 3016 in
526 2950 640 3017 castris
658 2947 828 3018 relictum²
848 2975 949 3045 supra
967 2949 1125 3038 diximus,
1144 2963 1202 3018 aut
1218 2975 1301 3018 con-

276 3141 404 3195 xxxvl.
429 3159 440 3193 1
464 3141 508 3194 Es
529 3153 597 3192 tanta
613 3161 746 3213 properan-
789 3143 881 3214 gnari,
899 3141 945 3195 sed
959 3145 1014 3214 jam
1028 3143 1096 3210 inito
1112 3141 1154 3196 sui
1171 3142 1305 3214 magistra·

236 3223 280 3273 tia.
294 3221 357 3276 Post
367 3233 467 3274 tantam
480 3221 682 3275 festinationem.
695 3221 749 3274 Sci·
791 3236 833 3275 tus
849 3243 937 3288 anno,
953 3223 1037 3276 creari
1050 3233 1204 3294 potuerunt.

235 3301 298 3356 lieet
312 3321 367 3355 non
383 3299 526 3355 credebant
540 3321 620 3368 eum,
634 3301 680 3374 qui
696 3303 748 3354 ini·
835 3323 860 3356 a.
876 3305 928 3355 Pro
933 3315 1039 3374 praetore
1052 3306 1077 3354 in
1089 3305 1173 3356 castris
1187 3303 1301 3356 relictam.

236 3381 275 3434 tio
293 3393 432 3456 tantopere
446 3395 626 3456 properasset,
644 3396 698 3435 tam
713 3383 751 3435 sa·
791 3380 921 3448 Quidam,
928 3395 1108 3455 propraetorem.
1122 3383 1213 3435 Nostri
1224 3379 1302 3436 codd.

237 3461 287 3514 cile
301 3461 401 3515 bellum
417 3475 564 3516 tracturum
586 3463 666 3515 luisse
677 3504 685 3529 ,
697 3463 749 3516 nisi
788 3481 835 3534 pro
847 3475 971 3534 pretore,
993 3475 1022 3516 ut
1045 3463 1072 3515 in
1092 3464 1146 3516 sme
1161 3463 1303 3535 superioris

237 3539 314 3595 dolus
336 3543 425 3614 potius
449 3562 529 3614 quam
548 3541 669 3595 socordia
687 3543 749 3596 sub·
792 3543 893 3614 capitis.
912 3544 980 3596 Item
1000 3543 1078 3596 Catil.
1101 3543 1194 3595 XIX.
1188 3562 1194 3573 ·
1215 3543 1302 3596 «Piso

237 3635 311 3675 esset.
792 3637 907 3694 quaestor
921 3635 1087 3695 propraetore
1109 3623 1203 3676 missus
1222 3633 1300 3675 est.-

278 3701 452 3755 xxxvlla
459 3703 747 3756 ‚Totiusannicomitt'a.
793 3702 835 3756 Ad
864 3722 944 3776 quem
967 3703 1056 3756 locum
1080 3701 1186 3755 abunde
1208 3703 1304 3794 probat

238 3781 276 3834 Ea
290 3801 345 3834 non
361 3781 446 3834 solum
462 3783 558 3852 quihus
574 3781 686 3844 tribuni,
704 3768 750 3835 sed
793 3783 901 3836 Cortius
927 3784 1052 3836 usitatum
1073 3783 1152 3836 tuisse
1174 3782 1303 3854 antiquis,

238 3862 317 3914 etiam
343 3859 423 3915 ceteri
446 3861 611 3932 magistratus
637 3861 751 3933 eligendi
793 3861 900 3918 divisim
913 3863 992 3916 scribi
1005 3883 1050 3935 pro
1063 3863 1173 3926 consule,
1186 3883 1233 3934 pm
1242 3881 1306 3934 pm·

239 3953 322 3995 erant.
340 3943 432 4013 Itaque
449 3941 569 3994 consules
589 3941 652 3994 anni
676 3941 748 4004 645,
795 3954 859 4008 tom·
853 3941 939 3998 unde
947 3955 1009 3996 nata
1021 3955 1083 3998 sunt
1092 3956 1239 4014 composita
1244 3961 1306 4013 pro

239 4019 363 4076 Metellus
372 4035 398 4076 et
410 4021 528 4092 Silanus,
537 4041 592 4076 non
608 4034 669 4076 ante
684 4019 775 4114 desi,
793 4023 1034 4095 consul,pruproetor.
1043 4026 1084 4076 Ita
1090 4019 1306 4078 cic.inverr.de
