2910 4666
243 417 318 493 358
612 423 908 494 'SALLUSTII

214 621 216 637 ,
241 551 427 642 consulem,
445 553 563 623 ducem
582 571 617 624 et
634 572 804 627 auctorem
819 559 992 654 sequimini
1017 559 1059 628 ad
1077 561 1297 658 recipiundam

240 660 457 730 libertatem.»

295 771 389 837 Tunc
400 793 481 836 vero
493 784 526 836 et
540 771 648 864 posci3
664 795 766 865 quum
780 774 879 842 ceteri
890 761 1040 866 'ejusdem
1056 799 1170 844 caussa
1182 776 1297 849 ducem

242 889 373 945 senatus
385 877 464 964 rati,
476 899 632 946 maxumo
649 877 770 972 gaudio
788 877 910 947 belluni
925 881 1062 950 irritare.
1079 885 1232 970 Nomas,
1252 892 1298 954 t'r-

238 988 344 1051 ritate
349 1037 361 1070 ‚
372 1007 573 1078 provocare.

293 1091 472 1158 Curionem
492 1076 686 1184 quaesivit¹⁶,
707 1093 757 1160 uti
774 1091 1029 1182 adolescentior,
1047 1109 1081 1162 et
1097 1095 1212 1191 populi
1228 1098 1298 1166 suf-

238 1195 351 1290 fragiis
378 1199 522 1293 integer,
547 1200 635 1267 oetati
667 1199 863 1269 concederet
890 1201 1059 1270 Mamerci.
1082 1205 1297 1291 Pritctimus,

238 1303 310 1372 Lib.
326 1306 368 1371 X.

290 1409 507 1505 Philippus¹⁷,
519 1413 575 1506 qui
592 1427 686 1480 aetate
705 1427 739 1481 et
753 1411 888 1484 consilio
902 1427 1030 1483 ceteros
1042 1416 1197 1486 anteibat.
1219 1421 1300 1488 Ser-

237 1521 325 1604 vzits,
352 1519 426 1586 Lib.
450 1520 494 1586 II.

281 1721 325 1772 16.
347 1718 473 1786 Quaesivit.
495 1717 615 1789 Rogavit.
635 1717 748 1772 Mouent
791 1719 1300 1776 eraousorarortidecicer.deone.

238 1797 395 1870 interpretes
405 1797 457 1850 hoc
468 1817 482 1849 a
494 1819 588 1870 quaeso,
597 1817 651 1850 nou
662 1817 675 1850 a
685 1819 748 1871 quoe·
791 1816 840 1866 111,
851 1817 872 1851 1.

239 1897 266 1929 ro
279 1875 454 1930 derivandum
469 1897 539 1944 erae,
552 1897 601 1930 nec
617 1879 668 1931 alio
683 1879 749 1930 reie-
836 1897 861 1931 1.
885 1879 973 1931 Omtio
990 1880 1019 1934 L.
1035 1879 1240 1953 Philippicorum
1254 1882 1301 1935 Le·

237 1956 352 2010 rendum
373 1957 522 2029 exemplum
546 1959 642 2011 Phocea
661 1977 748 2029 grano
788 1958 880 2028 pidum.
894 1958 958 2011 Huc
968 1977 1023 2012 nou
1036 1962 1125 2014 atatim
1137 1960 1301 2034 poatLepidi

237 2039 342 2102 roatici,
358 2037 403 2110 qui
414 2057 530 2110 quarere,
544 2037 614 2110 apud
628 2039 747 2092 Tullium
791 2039 939 2091 orationem
946 2039 1036 2093 habita
1045 2052 1091 2093 eat.
1100 2039 1152 2094 Sed
1159 2061 1243 2113 quum
1250 2042 1300 2095 bu-

237 2130 264 2170 et
277 2119 428 2172 Sallustium
440 2119 489 2190 legi
502 2120 611 2172 notavit.
623 2119 748 2173 Ceterum
789 2119 832 2189 jue
841 2118 952 2189 inceptis
962 2139 1063 2172 summa
1074 2121 1100 2174 vi
1110 2122 1227 2174 obstaret
1237 2122 1302 2175 alter

237 2217 316 2251 nemo
335 2199 418 2251 nescit
436 2199 580 2270 antiquitus
602 2199 748 2270 permutari
791 2198 883 2250 conoul
893 2199 1181 2271 Catulue',aeuatueque
1186 2201 1302 2273 jussisset

239 2279 327 2332 solitas
346 2279 425 2331 fuisse
449 2280 550 2332 litteras
570 2280 593 2331 R
618 2291 651 2331 et·
665 2279 697 2342 S,
717 2291 748 2331 ut
791 2279 881 2331 amboe
899 2278 927 2330 in
946 2297 1020 2331 suam
1042 2297 1173 2351 quemque
1191 2281 1300 2352 proriu-

237 2359 341 2420 Fusius,
356 2360 464 2421 Fur-tou
476 2361 603 2430 Papilio,
615 2360 748 2428 Papiriae:
790 2359 857 2410 cium
870 2370 973 2411 mature
990 2358 1122 2430 proficisci
1141 2355 1239 2422 (Italia
1251 2361 1301 2415 Ga·

237 2439 274 2491 ita
290 2452 320 2491 ut
340 2439 393 2491 aiut
412 2457 491 2511 quoerc
508 2451 534 2491 et
550 2459 645 2511 quero,
663 2451 748 2490 uuum
791 2438 863 2501 tulo,
873 2437 959 2490 Gallia
970 2439 1095 2511 ciaalpiua
1107 2438 1211 2512 Lepido
1221 2441 1300 2494 obre·

237 2531 264 2572 et
285 2518 357 2572 idem
377 2521 506 2582 verbnm,
523 2519 544 2571 si
558 2519 688 2589 originem
705 2537 749 2570 re·
791 2513 1150 2591 uerat),sacrau1eutopriue
1160 2521 1301 2592 obligatos,

238 2599 361 2669 spexeris.
370 2596 422 2652 Sed
431 2617 493 2651 neue
503 2597 646 2650 discrimen
653 2598 682 2650 in
690 2595 749 2651 eeu·
779 2597 826 2649 'ne
841 2597 907 2650 alter
920 2599 1032 2652 alterum
1045 2600 1116 2652 bellu
1128 2613 1300 2671 provocarem

238 2679 320 2730 tentia
345 2678 415 2730 iecit.
435 2710 475 2720 -
495 2679 629 2747 Srcssragiis
648 2681 747 2745 integer.
792 2689 879 2730 tamen
890 2677 1146 2749 Lepidue,collectia
1155 2681 1184 2733 iu
1192 2681 1303 2736 Etruria

238 2758 292 2822 Qui
305 2756 427 2809 nondum
437 2755 561 2827 suffragiu
574 2757 667 2828 populi
681 2759 750 2811 obti·
791 2757 917 2809 Mariana
931 2759 1052 2813 factionis
1068 2761 1203 2832 reliquiis,
1218 2775 1244 2814 et
1256 2779 1302 2833 epe

236 2849 341 2889 nuerat.
356 2831 492 2897 Curio(C.
507 2834 678 2898 Scribonius)
688 2855 749 2890 con·
792 2837 883 2890 multis
890 2837 1043 2892 bominibus
1050 2841 1144 2912 injecta
1150 2839 1302 2913 ademptum

237 2917 278 2968 aul
296 2917 347 2969 suit
364 2917 475 2969 biennio
493 2925 569 2988 poet,
588 2933 658 2969 anuo
681 2919 747 2988 678.
792 2917 895 2989 asylla
913 2919 1026 2972 civitais
1042 2938 1157 2973 romanu
1171 2923 1216 2990 jur
1228 2939 1302 2975 recu·

237 2996 750 3069 -Mamerri.PranourenAEruiliaegen·
791 2995 919 3069 peraridi,
933 3001 1078 3053 exercitum
1090 3001 1151 3052 urbi
1171 3001 1302 3055 hostiliter

207 3073 210 3078 ’
238 3078 286 3140 tis,
306 3078 382 3148 cujus
401 3093 505 3142 sensus,
519 3081 560 3128 vir
574 3078 658 3143 sortis·
680 3078 749 3130 Nam
792 3075 928 3145 admovit,
949 3092 976 3132 et
991 3099 1076 3152 prope
1093 3080 1219 3133 Milviuru
1239 3101 1304 3153 pou·

238 3157 385 3209 Mamercum
413 3157 543 3210 vocabant
576 3157 639 3210 Osci
669 3155 749 3210 deum
793 3169 846 3209 tern
860 3157 988 3212 consedit.
999 3159 1201 3214 lndeaCatulo
1212 3174 1241 3214 et
1253 3163 1301 3216 Cu.

236 3236 349 3288 Martem.
385 3236 442 3289 Hoc
472 3237 649 3308 fragmentum
673 3238 750 3309 ponit
793 3236 921 3308 Pompeio
942 3239 1034 3310 pulsus
1054 3240 1122 3293 viret
1143 3241 1172 3292 iu
1196 3241 1303 3294 Etr-ruia

236 3317 278 3367 De
301 3317 400 3369 Brosses
420 3329 481 3389 poet
505 3318 661 3370 Orationem
686 3318 749 3370 Phi·
793 3317 948 3388 reparabat,
962 3319 1058 3374 iterum
1071 3321 1132 3372 urbi
1147 3321 1249 3374 bellurn
1263 3321 1303 3374 iu-

236 3395 321 3468 lippi,
336 3397 578 3470 interpretaturque
591 3398 750 3469 interregem
793 3407 909 3463 tentans,
921 3399 999 3452 timul
1013 3402 1124 3454 alterum
1137 3413 1231 3472 petens
1243 3420 1305 3454 cuu-

237 3477 370 3549 Appium,
380 3477 414 3530 de
427 3494 481 3549 quo
494 3479 595 3530 tuentio
605 3491 643 3532 eet
655 3480 682 3531 iu
694 3497 752 3531 ora·
793 3476 916 3530 sulatum.
937 3479 1011 3533 Inter
1032 3481 1089 3534 liter
1110 3481 1142 3534 L.
1165 3481 1304 3554 Philippus

236 3556 326 3622 tione,
339 3575 366 3610 u.
384 3577 435 3624 ιι,
455 3558 560 3610 comitia
579 3558 720 3611 habentem
735 3577 749 3612 a
792 3555 961 3628 languentem
979 3573 1006 3613 et
1026 3559 1059 3613 ad
1077 3559 1166 3612 mollia
1187 3579 1304 3632 pronum

238 3637 357 3690 Curione
370 3639 567 3708 rogavissemt,
579 3638 607 3689 iu
622 3639 750 3710 petitione
794 3649 913 3690 renatum
924 3639 974 3692 bac
986 3641 1106 3693 oratioue
1118 3641 1204 3712 erigit.
1214 3643 1248 3694 In
1259 3661 1304 3695 cu·

238 3718 405 3785 consulatue,
426 3719 496 3770 aetati
515 3716 670 3770 concederet
692 3719 749 3770 Ma·
792 3718 836 3788 jur
850 3720 1008 3772 sententiam
1023 3721 1093 3773 iacto
1113 3733 1305 3775 teneura-con·

236 3799 319 3850 merci
332 3797 434 3850 AEmilii
451 3795 547 3867 Lepidi
568 3797 687 3863 Liviani,
703 3799 750 3871 qui
794 3797 1074 3866 eulto,Catulus,tunc
1085 3803 1244 3872 proconsul,
1257 3803 1305 3854 Le·

237 3878 330 3930 conaul
344 3878 394 3929 fuit
409 3895 478 3930 anuo
494 3880 560 3946 677.
794 3875 889 3948 pidum
905 3879 933 3931 in
948 3879 1053 3934 Etruria
1063 3881 1143 3934 arruie
1157 3899 1305 3954 aggrestes,

282 3975 325 4026 ¹7·
340 3958 476 4028 Philippus.
498 3958 529 4009 L.
551 3957 667 4010 Marcius
685 3957 750 4010 Phi·
794 3974 849 4008 uon
869 3961 948 4011 semel
970 3961 1060 4013 fusum
1084 3961 1258 4033 fugatumque
1277 3963 1305 4014 iu

236 4035 344 4107 lippus,
359 4037 406 4108 qui
420 4037 512 4090 consul
525 4037 702 4110 fueratA.U,
718 4039 748 4092 C.
794 4034 944 4092 Sardiniam
964 4039 1093 4094 recedere
1121 4042 1231 4114 coegit,
1259 4041 1304 4094 ubi

237 4115 322 4183 6633
350 4135 404 4189 quo
425 4118 533 4172 courule
559 4131 681 4172 mortum
712 4129 750 4173 est
793 4118 889 4172 morbo
901 4121 1044 4177 cardumae
1058 4135 1105 4174 ert.
