2910 4666
512 361 852 442 FRAGMENTA
1141 369 1210 444 351

152 493 240 563 Nam
260 493 372 589 quida
389 495 534 632 Pyrrho,
554 493 754 581 Hannibale,
770 495 987 590 Philippoque
1004 508 1037 564 et
1052 496 1217 565 Antiocho

152 599 323 670 defensum
345 588 414 670 est⁴
434 601 524 670 aliud
530 624 657 695 ,quam
671 599 825 688 libertas,
843 616 877 670 et
889 625 956 670 sure
974 603 1091 696 cuique
1106 601 1217 688 sedes3

152 731 218 774 neu
237 708 308 792 eui,
321 709 383 777 nisi
375 706 545 803 legibus,
558 705 772 802 pareremus?
789 708 873 796 Quae
894 722 1015 777 cuncta
1033 732 1137 778 saevus
1157 709 1219 777 iste

152 811 337 901 Romulus,
358 816 451 908 quasi
469 813 511 882 ah
532 815 673 882 externis
696 827 807 908 rapta,
826 828 942 883 tenet:
962 838 1030 882 non
1049 827 1099 882 tot
1123 837 1215 882 exer·

151 919 279 988 citunm
292 919 404 1007 clade,
421 944 527 1014 neque
542 917 686 988 consulis
703 933 736 988 et
750 917 889 988 aliorum
907 921 1115 1014 principum,
1133 943 1216 1014 quos

150 1022 287 1094 fortuna
310 1023 387 1094 belli
409 1039 656 1111 consumserat,
676 1026 831 1144 satiatus,
855 1025 912 1094 sed
935 1040 1006 1094 tum
1032 1024 1216 1145 crudelior,

150 1154 255 1223 quum
273 1129 447 1226 plerosque
466 1131 618 1202 secunde
636 1155 689 1199 res
707 1132 741 1198 ιιι
758 1131 1000 1200 miserationem
1020 1155 1061 1200 ex
1078 1133 1127 1200 ira
1140 1156 1217 1200 ver·

149 1250 237 1306 tunt.
252 1237 344 1326 Quin
358 1237 446 1308 solus
457 1262 605 1307 omnium
613 1250 741 1366 post
723 1261 915 1306 memoriam
929 1237 1100 1306 hominum
1110 1263 1216 1333 ,sup-

150 1340 272 1436 plicia
263 1368 298 1411 ιιι
310 1359 385 1438 post
399 1344 527 1414 futuros
537 1327 741 1463 composuit⁵
744 1395 754 1431 ,
771 1345 844 1436 quis
861 1345 951 1438 prius
965 1344 1103 1438 injuria,
1116 1367 1216 1439 quam

151 1449 222 1516 vita
240 1463 330 1518 certa
344 1465 451 1520 esset·
443 1504 452 1538 ,
467 1452 736 1546 pravissumeque
751 1473 811 1544 per
829 1449 987 1520 sceleris
978 1451 1216 1519 immanitatem

40 1567 43 1573 '
151 1553 264 1623 adhuc
291 1569 379 1624 tutus
402 1555 503 1644 furit,
523 1556 602 1625 dum
624 1580 709 1642 vos,
732 1569 823 1625 metu
845 1557 1006 1652 gravioris
1027 1559 1175 1645 servitii,
1196 1581 1216 1626 a

153 1661 338 1754 repetunda
356 1661 508 1732 libertate
529 1663 708 1732 terremini.

208 1767 382 1860 Agendum
402 1784 501 1863 atque
519 1769 652 1838 obviam
669 1767 815 1852 eundum
830 1783 895 1856 est,
913 1771 1074 1858 Quirites,
1089 1794 1131 1838 ne
1143 1793 1217 1864 spo·

152 1871 201 1940 lia
213 1887 322 1941 vestra
340 1898 462 2004 penes
454 1873 546 1943 illum
566 1876 651 1960 sint;
665 1898 733 1942 non
749 1871 1002 1969 prolatandum,
1015 1877 1218 1970 nequeuntis

153 1979 303 2072 paranda
321 1965 471 2050 auxilia⁶z
491 1982 553 2050 uisi
545 1981 652 2050 forte
672 1982 827 2073 speratis,
845 2007 905 2076 per
925 1981 1085 2051 taedium
1073 2007 1142 2074 Jam
1161 1997 1220 2050 aut

154 2083 318 2178 pudorem
337 2085 532 2179 tyrannidis,
553 2111 623 2154 esse
643 2109 720 2154 eum
742 2109 802 2179 per
819 2086 925 2157 scelus
945 2101 1106 2181 occupata
1128 2089 1219 2182 peri-

154 2188 301 2260 culosius
320 2190 538 2264 dimissurum.
554 2193 599 2263 At
615 2189 668 2262 ille
687 2216 726 2262 eo
742 2195 918 2289 processit,
931 2195 981 2263 uti
995 2191 1075 2262 nihil
1095 2191 1217 2287 glorio·

105 2455 106 2460 ,
200 2409 227 2466 l.
240 2403 305 2474 Nuus
321 2405 537 2479 qus'ciaPyrrlto...
549 2405 669 2473 desem
755 2403 781 2458 5.
802 2403 925 2475 Supplicia
941 2408 966 2456 ιιι
977 2405 1140 2476 postfuturos
1155 2425 1220 2456 ccm-

156 2482 282 2547 estQuid
294 2485 407 2538 Romani
418 2483 596 2538 defenderunt
605 2503 669 2536 con·
709 2488 798 2554 posuit.
815 2483 886 2556 Sylla
902 2484 1111 2555 proscriptorum
1130 2484 1220 2538 liberis
1330 2481 1332 2484 ’

158 2574 201 2614 tre
213 2563 269 2615 rim
290 2563 403 2636 Pyr-rbi,
426 2577 476 2618 etc.
492 2595 533 2609 ·-·
549 2565 666 2635 Quum...
712 2563 907 2634 nepotibusque
913 2566 955 2634 jus
963 2562 1061 2616 ademit
1069 2563 1220 2634 capessendi

157 2660 209 2694 suc
229 2646 313 2714 cuique
334 2645 409 2697 sedes.
435 2645 521 2709 Quam
543 2657 575 2698 ut
595 2662 669 2698 susm
713 2641 878 2714 magistratus
895 2638 972 2705 (vid.
993 2643 1050 2696 Cat
1069 2643 1219 2709 XXXVII,

159 2720 272 2792 quisque
285 2721 374 2778 sedem
390 2736 416 2777 et
428 2721 538 2776 domum
552 2725 669 2796 quietam
712 2741 740 2775 n.
758 2725 792 2775 16
805 2719 825 2785 ).
843 2720 947 2776 Idcirco
962 2720 1027 2775 dicit
1044 2726 1070 2774 in
1080 2735 1139 2794 post
1148 2726 1220 2790 sutu-

159 2812 188 2854 et
201 2799 354 2856 inviolatam
367 2803 485 2856 haberet.
495 2835 536 2847 -
547 2804 603 2856 Neu
618 2807 667 2860 cui.
713 2821 766 2867 ros,
781 2799 872 2868 idest,
884 2802 912 2855 in
921 2819 967 2855 eos
978 2801 1153 2874 quinondum
1164 2803 1222 2857 nati

159 2883 208 2930 uisi
224 2880 328 2950 legibus,
341 2895 391 2936 etc.
409 2884 444 2935 Et
457 2901 537 2954 quarn
555 2895 584 2936 ut
602 2883 670 2936 nulli
714 2893 809 2935 ment.

159 2957 291 3027 domino,
304 2963 356 3014 nisi
370 2963 487 3033 legibus,
508 2979 668 3033 pateremus.
754 2965 781 3015 6.
802 2960 886 3034 Neque
903 2964 969 3012 cotis
983 2962 1096 3033 prendo
1118 2963 1219 3016 artcilia.

159 3039 277 3108 -Qure
288 3055 381 3095 carecta.
399 3041 459 3094 Scil.
473 3042 634 3095 Libertatem
643 3055 670 3095 et
714 3041 793 3094 Conf.
814 3040 892 3095 Cutil.
906 3040 973 3109 LII,
987 3061 1015 3095 n.
1037 3043 1084 3098 38.
1104 3073 1144 3085 -
1164 3042 1222 3096 Nisi

160 3116 237 3172 sedes
251 3121 464 3194 uniuscnjusque.
477 3153 517 3166 ·-
528 3121 611 3174 Soevm
626 3125 670 3174 istc
708 3121 776 3188 form
785 3125 894 3190 sperata.
912 3120 1035 3174 Ontonia
1048 3119 1154 3175 dicendi
1166 3123 1221 3175 ior·

161 3197 286 3252 memo.
301 3201 445 3254 Romulum
459 3199 544 3266 dixit,
559 3219 607 3272 per
623 3220 669 3254 an·
713 3217 769 3265 ma,
782 3218 842 3271 qum
856 3198 967 3271 perinde
982 3201 1051 3254 valet
1066 3219 1096 3254 ae
1110 3202 1134 3254 si
1148 3199 1221 3254 dice-

162 3279 415 3353 tonnmaeiam,pro
428 3298 488 3352 rege
502 3281 616 3352 pervim
628 3299 670 3333 re·
712 3291 803 3344 retur,
826 3297 881 3330 nam
901 3291 962 3330 cerie
980 3297 1025 3331 cos
1044 3299 1091 3331 non
1112 3285 1220 3350 spercu's.

161 3370 267 3428 girante.
282 3391 324 3405 -
347 3361 407 3413 Tum
428 3361 558 3421 crudelior,
577 3379 668 3431 quum,
714 3360 839 3412 Ceterum
854 3359 905 3410 hoc
924 3358 1081 3411 conlinnare
1096 3359 1221 3428 ridetur,

161 3449 211 3490 etc.
224 3437 365 3493 Crudelior
376 3441 447 3494 enim
461 3439 511 3492 fuit
527 3439 598 3511 Sylla
610 3451 671 3510 post
714 3451 806 3491 contra
825 3437 961 3500 Donaam,
978 3437 1078 3508 Syllam
1100 3437 1222 3493 nondum

162 3516 318 3584 victoriam,
330 3539 410 3591 quam
425 3519 454 3572 in
468 3520 526 3590 ipso
536 3519 615 3572 bello.
630 3551 671 3561 -
713 3516 872 3570 dictaturam
888 3514 1054 3587 deposuisse,
1069 3534 1152 3588 quum
1165 3519 1222 3572 hac

165 3595 294 3670 Plerosque
302 3600 411 3652 xcundoe
420 3611 527 3660 m,etc.
543 3597 671 3651 Eamdem
715 3596 799 3650 oratio
823 3595 913 3648 habita
932 3595 991 3649 luit.
1014 3627 1055 3638 -
1076 3597 1127 3649 Per
1146 3600 1221 3652 scelus

164 3679 321 3732 senteutiam
336 3678 447 3732 feliciter
466 3676 611 3731 admodum
626 3697 670 3730 ex-
714 3688 830 3746 oecuputc
839 3677 993 3746 periculosius
1001 3675 1160 3731 diuisurum.
1171 3677 1223 3734 llic

164 3757 259 3824 pressit
267 3758 490 3830 ingeniosissimus
495 3758 671 3830 juvenis,gal·
715 3757 800 3827 tangit
811 3757 952 3809 maximam
960 3774 1079 3822 cauam,
1092 3775 1151 3827 qun
1162 3757 1222 3830 syr.

165 3833 670 3910 licespesmuimauegoedi'estavum,
715 3833 958 3907 lamadeponendo
968 3836 1080 3907 imperio
1089 3834 1223 3895 deterrere

167 3915 258 3986 Vepres
273 3918 427 3981 Siciliam,
441 3919 499 3972 Act.
516 3935 565 3984 ιιι,
581 3937 617 3972 sc.
636 3917 671 3970 5:
715 3914 867 3984 debuisset,
886 3934 936 3968 uec
957 3928 1043 3968 tamen
1069 3913 1223 3974 deterruit:

165 4001 211 4045 sur
223 4005 292 4057 «μοι
305 4019 331 4045 oe
347 4015 377 4046 ιιι
388 4005 486 4055 nemu,
500 4006 560 4056 qn'on
572 4005 672 4058 μιὼιιι
715 3995 814 4048 scilicet
827 3995 999 4066 periculosius
1014 4013 1069 4048 esse
1089 3995 1224 4068 deponere

242 4074 342 4118 dmi
715 4073 905 4146 tyrannidem,
919 4093 999 4147 quana
1014 4093 1153 4148 occupare.
1173 4079 1224 4134 Es.
