2910 4666
516 383 854 454 FRAGMENTA.
1141 379 1215 468 405

152 513 347 606 remiserat‘,
374 516 534 612 exigenda
560 515 791 613 promulgavit.
827 515 976 603 Gallam,
998 512 1052 583 lib.
1075 516 1219 600 XVIII,

152 649 229 721 cap.
253 629 286 711 4.

210 733 358 816 Omnes,
377 731 496 824 quibus
510 744 587 799 aetas
609 744 742 800 senecto
757 753 917 824 corpore,
930 729 1059 796 animus
1073 725 1221 796 militaris

155 852 237 908 crat.
256 842 456 907 Priscianus
478 836 534 904 lib.
552 839 604 906 lx
622 851 655 906 et
675 840 717 906 X.
825 919 829 929 ¹

210 946 297 1014 Dein
316 943 414 1012 lenita
427 946 495 1038 jam
508 945 575 1030 ira,
591 958 725 1036 postero
738 942 791 1011 die
812 939 1002 1011 liberalibus
1016 941 1125 1009 verbis
1147 964 1221 1034 per·

155 1049 274 1121 mulcti
285 1065 370 1119 sunt
386 1050 481 1120 Idem
493 1049 547 1118 lib.
560 1051 620 1118 lx.

211 1156 383 1252 Implicitae
401 1171 488 1226 rates
508 1157 687 1225 ministeria
703 1153 932 1250 prohibebant.
947 1155 1043 1224 Idem
1061 1153 1106 1222 ib.

212 1265 319 1358 Igitur
332 1261 477 1359 legiones
491 1262 595 1358 pridie
609 1264 643 1330 in
661 1276 775 1331 monte
788 1263 912 1356 positas
932 1261 1109 1330 arcessivit.
1126 1258 1222 1328 Idem

155 1369 215 1440 lib.
238 1372 280 1438 X.

213 1477 337 1545 Anxius
352 1479 471 1560 animi,
492 1491 592 1571 atque
610 1479 763 1546 incertus.
786 1477 950 1545 Arusz'an.

213 1584 371 1677 Magnam
389 1608 524 1652 exorsus
546 1585 738 1652 orationem.
754 1583 859 1652 Idem.

212 1689 404 1784 Impotens‚
423 1705 457 1759 et
474 1691 594 1759 nimius
613 1692 714 1760 animi
733 1704 790 1759 est.
808 1690 912 1759 Idem.

214 1797 431 1890 Amisumque
450 1794 606 1868 assideri²
630 1799 700 1866 sine
722 1795 841 1891 praeliis
864 1794 1028 1865 audiebat.
1054 1796 1222 1864 Priscian.

157 1902 215 1972 lib.
238 1904 333 1971 VIII.

214 2009 282 2098 Qui
298 2008 430 2102 quidem
444 2035 534 2098 mos,
547 2011 596 2078 uti
607 2011 715 2097 tabes,
727 2012 759 2078 in
770 2011 886 2079 urbem
897 2010 1076 2100 conjectus.
1092 2009 1223 2075 Festus.

214 2113 377 2202 Castella‚
392 2115 556 2185 custodias
576 2116 807 2186 thesaurorum
823 2118 857 2184 in
875 2115 1073 2185 deditionem
1093 2113 1224 2205 accipe-

157 2236 286 2292 rentur.
310 2224 402 2292 Serv.
424 2223 552 2294 Charis.
576 2220 630 2290 lib.
652 2226 679 2291 l.

214 2326 354 2422 Reliqua
376 2327 538 2398 cadavera
561 2327 662 2398 salita.
685 2328 869 2398 Diomedes
890 2325 944 2395 lib.
967 2330 994 2396 l.
1018 2351 1046 2394 c.
1071 2329 1103 2410 Δ.

159 2558 324 2655 Epistola
345 2565 434 2652 regis
455 2545 684 2628 Mithridatis³
707 2565 838 2655 scripta
857 2559 909 2628 ad
925 2583 1038 2652 regem
1056 2558 1224 2626 Arsacen.

303 2769 383 2816 aex
412 2770 710 2817 muneraturus
738 2770 836 2816 unct
865 2767 1013 2814 snsacr
1048 2745 1080 2811 S.

219 2967 236 3005 a
257 2941 402 3026 Omnes,
423 2942 480 3034 qui
502 2942 653 3009 secundis
674 2941 772 3010 rebus
791 2941 856 3008 suis
877 2937 919 3007 ad
941 2937 1017 3007 belli
1037 2939 1225 3006 societatem

161 3059 321 3131 orantur,
342 3045 551 3115 considerare
565 3047 708 3134 debent,
730 3045 868 3116 liceatne
888 3061 956 3114 tum
973 3069 1088 3140 pacem
1108 3067 1226 3138 agere:

161 3249 267 3302 ritatem
279 3265 362 3301 causae
376 3247 517 3318 loquatur,
530 3247 630 3319 aliquid
640 3247 675 3301 de
716 3249 858 3300 Murenam
879 3245 911 3299 ad
931 3243 1139 3299 continuandam
1156 3244 1228 3296 obsi·

162 3329 212 3382 ista
231 3325 383 3380 laudatione
407 3325 546 3380 denubere
569 3345 674 3398 equum
718 3325 826 3380 dionem
841 3327 957 3397 reliquit.
971 3323 1035 3378 vid.
1049 3325 1118 3378 Plut.
1135 3325 1163 3377 in
1176 3324 1229 3375 Lu·

162 3421 259 3461 ιιι-
269 3407 368 3461 Senecto
377 3425 482 3478 corpore.
496 3407 609 3460 Notatur
619 3407 676 3460 obi·
718 3407 802 3472 cullo;
815 3419 841 3460 et
853 3407 894 3457 De
904 3406 950 3458 Br.
960 3424 1000 3469 rr,
1016 3405 1049 3458 81
1066 3417 1092 3458 et
1106 3422 1177 3476 seqq.
1188 3435 1229 3446 -

163 3501 204 3542 ter
218 3487 271 3540 boc
286 3487 465 3559 participium.
718 3486 776 3540 Sine
792 3486 894 3558 praeliis.
913 3485 1017 3538 Scilicet
1037 3485 1141 3536 nullum
1160 3500 1228 3554 prae·

215 3587 241 3620 2.
262 3567 418 3638 Amisumque
433 3565 542 3618 assideri.
569 3565 675 3619 obsim
718 3567 785 3619 lium
795 3583 855 3620 cum
868 3565 979 3618 obsessis
988 3565 1147 3619 tentabatur.
1157 3564 1228 3616 Tan·

164 3660 191 3700 et
204 3647 297 3700 assideo
310 3647 394 3700 activa
403 3660 478 3712 sunt;
492 3646 592 3699 iaciunt
603 3646 675 3699 enim
719 3643 797 3712 dem,
813 3658 952 3718 postquam
967 3645 1106 3699 biennium
1116 3645 1170 3697 lere
1180 3643 1228 3695 ob·

164 3727 308 3780 obsideoret
319 3726 532 3789 widem-Prisc.
551 3727 676 3782 Patami-
719 3745 787 3780 sessa
801 3727 865 3790 luit,
882 3728 946 3779 urbs
960 3725 1075 3798 pervim
1088 3743 1102 3776 a
1116 3723 1229 3777 Lucullo

163 3825 208 3861 aus
231 3803 362 3880 oppidum
390 3807 417 3858 in
442 3806 528 3859 Ponto
552 3807 675 3872 Euxin03
720 3819 866 3878 expugnata
879 3819 926 3859 est.

164 3884 238 3958 quod
251 3905 335 3958 qaum
349 3885 463 3939 hiemem
478 3899 559 3939 totam
575 3887 675 3940 stativis
762 3888 789 3941 3.
798 3887 913 3958 Epistola
922 3883 1232 3955 regisMr'tlridatr'r.Port·

164 3966 256 4020 caruis
276 3963 483 4031 circumdatam,
505 3967 628 4038 valloque
647 3985 676 4020 ac
720 3985 800 4039 mam
807 3966 910 4019 Luculli
917 3965 1036 4018 victoriis
1046 3975 1140 4017 exutus
1149 3980 1230 4033 regno

165 4045 233 4101 lorea
245 4045 376 4101 obsessam
392 4046 519 4100 tenuisset
533 4047 676 4114 Lucullus,
720 4043 889 4101 Mithridates
909 4045 938 4098 in
950 4044 1101 4097 meniana
1124 4042 1232 4114 famicem

973 4138 1043 4222 26³
