2950 4646
213 413 283 460 ιη
348 391 387 456 L.
414 385 677 458 CATILINAE
704 383 879 453 GENUS
905 384 966 452 ET
991 383 1125 452 VITA.

208 547 326 609 mum,
348 519 438 616 quod
457 520 525 614 jam
547 533 618 588 tum
640 517 802 613 parabat,
824 530 940 586 contra
961 516 1099 612 patriam
1122 514 1272 606 lacinus,

208 627 294 698 felici
318 627 360 697 ad
382 627 446 697 boc
468 641 598 722 tempus
623 624 783 713 audacia,
799 637 833 692 et
852 625 1092 718 praeteritorum
1112 622 1271 694 scelerum
1368 651 1373 662 ·

207 737 403 831 impunitate
417 733 632 806 confirmatus
654 733 791 804 uccaesit
809 715 844 798 ²³.

206 926 338 999 judicium
350 941 474 982 vocatum
481 928 720 998 brisseobcotrup·
764 938 855 980 tamer
863 923 1003 979 contrariis
1014 922 1191 996 diversisque,
1205 924 1274 977 inter

209 1021 263 1062 tam
277 1009 409 1080 virginem
424 1003 720 1070 vestalem(Sall.Catil.
764 1025 791 1060 se
804 1005 1110 1078 pugnantibus,naturc
1123 1003 1217 1057 studiis
1230 1017 1275 1057 cu·*

208 1085 263 1156 xv),
274 1089 415 1161 Catulique
426 1090 509 1161 gratia
517 1089 614 1142 fultum
629 1087 723 1140 evasis·
764 1084 973 1159 piditatibusque
987 1084 1139 1138 conflatum.

208 1187 245 1224 se.
259 1167 312 1223 Sed
328 1169 436 1236 Cicero,
452 1170 482 1223 in
505 1170 576 1239 Toga
593 1167 721 1233 Candida,
804 1166 869 1234 Quis
896 1165 1051 1218 clarioribus
1076 1165 1140 1218 viris
1158 1162 1276 1236 quodam

147 1315 150 1321 Ι
209 1249 351 1303 Catilinam
372 1250 528 1322 alloquens,
547 1249 599 1302 hoc
619 1261 722 1302 tantum
764 1261 883 1319 tempore
896 1243 1062 1318 jucundior?
1076 1246 1135 1316 quis
1151 1244 1276 1315 turpiori·

209 1327 431 1396 dicium-Quum
437 1331 473 1383 ita
480 1329 577 1394 vixisti,
584 1341 614 1381 ut
621 1348 675 1381 nou
684 1347 722 1380 es·
764 1330 814 1382 bus
829 1323 1016 1398 conjunctior?
1029 1325 1088 1396 quis
1103 1325 1167 1377 civis
1183 1325 1276 1376 melio·

210 1423 250 1464 aet
259 1411 333 1464 locus
346 1423 399 1463 tam
412 1422 533 1474 sanctus,
545 1428 599 1481 quc
607 1427 661 1461 non
675 1406 721 1460 ad·
765 1427 825 1460 rum
833 1408 949 1479 partium
956 1403 1111 1477 aliquando?
1117 1405 1177 1476 quis
1183 1404 1278 1456 tetrior

209 1503 305 1545 ventus
318 1503 394 1556 tuus,
407 1493 479 1543 stiam
491 1509 565 1562 quum
574 1489 643 1540 milla
652 1488 723 1559 eulpa
765 1488 848 1542 bostis
862 1487 925 1540 haic
941 1485 1059 1540 civitati?
1068 1485 1126 1558 quis
1137 1484 1166 1536 in
1181 1483 1279 1556 volup·

210 1571 328 1636 subesset,
343 1572 442 1622 crimen
457 1570 572 1622 afferret.
586 1595 597 1616 ι
609 1569 641 1621 ln
662 1585 723 1641 quae
765 1568 863 1622 tatibus
878 1565 1061 1640 inquinatior?
1080 1565 1140 1638 quis
1154 1563 1182 1616 in
1201 1563 1279 1616 labo-

210 1651 292 1703 verba
308 1649 450 1702 Asconius:
464 1649 563 1702 «Fabia
579 1649 653 1720 virgo
667 1667 723 1702 ves·
766 1649 840 1703 ribus
850 1645 1012 1721 patientior?
1024 1647 1082 1718 quis
1093 1645 1121 1698 in
1135 1643 1280 1716 rapacitate

210 1729 270 1782 talis
284 1746 389 1781 cansam
403 1729 495 1782 incesti
510 1727 625 1795 dixerat,
638 1747 721 1802 quum
768 1729 890 1783 avarior?
899 1729 958 1801 quis
971 1727 999 1780 iu
1007 1727 1146 1798 largitione
1153 1721 1282 1778 effusior?

210 1808 236 1862 ei
246 1808 359 1862 Catilina
372 1809 548 1880 objiceretur,
561 1812 723 1882 eratqueab·
767 1811 815 1864 llla
830 1829 912 1874 vero,
932 1805 1050 1880 judices,
1067 1807 1096 1860 iu
1110 1807 1156 1859 illo
1171 1804 1281 1858 homine

211 1889 305 1942 soluta.
321 1888 384 1943 llaec
396 1890 475 1943 Fabia
496 1891 559 1963 quia
575 1909 651 1944 soror
669 1904 725 1945 erat
767 1891 898 1944 mirabilia
912 1890 1019 1943 fuerunt
1032 1907 1039 1940 :
1054 1882 1281 1960 comprehendere

211 1968 343 2023 Terentite
358 1970 508 2038 Ciceronis,
521 1968 582 2023 ideo
595 1971 632 2025 sic
641 1969 723 2025 dixit:
768 1973 865 2024 multos
893 1968 1023 2034 amicitia,
1045 1969 1114 2020 tueri
1136 1965 1280 2036 obsequio,

212 2049 331 2102 Etiamsi
344 2051 413 2102 usella
427 2051 497 2122 culon
515 2051 627 2105 subesset.
643 2052 683 2104 Ita
699 2063 726 2106 et
769 2071 831 2106 cum
846 2051 969 2104 omnibus
992 2049 1187 2102 communicare
1208 2040 1281 2116 quod

212 2129 267 2182 sada
280 2131 414 2202 pepercit,
431 2143 458 2183 at
473 2131 559 2185 nihilo
574 2133 659 2184 levius
674 2132 726 2185 ini-
769 2133 898 2194 babebat,
914 2130 1013 2184 servire
1037 2127 1202 2200 temporibus
1219 2141 1281 2178 suo·

212 2211 726 2285 miccaummiopprobriitnrpitudinem
769 2233 831 2266 rum
847 2213 968 2265 cranium
982 2209 1112 2282 pecunia,
1127 2206 1228 2280 gratia,
1242 2205 1281 2256 lt·

213 2290 320 2361 objecit.
333 2317 344 2338 ι
359 2293 400 2344 Ex
419 2293 471 2345 boc
491 2293 567 2359 loco,
588 2311 649 2345 cum
667 2307 727 2346 ante
770 2295 835 2346 bore
855 2292 989 2364 corporis,
1017 2290 1114 2342 scelere
1135 2287 1231 2351 etiam,
1260 2285 1283 2338 si

213 2367 284 2422 dicta
299 2372 409 2442 epistola
425 2371 536 2438 collato,
553 2373 728 2445 apparetpri·
771 2393 838 2446 opus
862 2385 944 2437 esset,
967 2383 994 2424 et
1015 2368 1123 2422 audacia
1144 2386 1151 2420 τ
1177 2382 1282 2420 versare

214 2449 252 2502 mi
262 2449 334 2504 illius
346 2451 466 2504 cumbris
480 2471 556 2504 reum
572 2453 660 2523 ipsum
676 2453 727 2506 Ca·
770 2473 845 2506 suam
851 2465 986 2516 natumm,
997 2461 1024 2503 et
1030 2467 1120 2522 regere
1127 2446 1161 2501 ad
1169 2459 1284 2517 tempus,

214 2529 318 2582 tilinam
327 2531 426 2584 lactum
438 2549 494 2583 uon
503 2532 599 2596 luisse,
610 2531 672 2585 ideo
686 2533 728 2586 bis
772 2547 852 2606 atque
866 2534 920 2586 huc
934 2543 961 2586 et
975 2531 1038 2584 illuc
1051 2543 1176 2602 torquere
1185 2539 1212 2580 et
1224 2524 1286 2577 flec-

214 2619 318 2662 nutum
331 2611 425 2681 capitis
438 2628 543 2664 canaam
556 2610 662 2665 dixisse.
772 2626 850 2666 tere:
868 2631 929 2665 curn
950 2611 1069 2664 tristibus
1089 2627 1197 2673 severe,
1223 2623 1286 2659 cum

258 2689 304 2742 23.
324 2687 376 2740 llic
399 2687 537 2756 addimus,
554 2709 589 2743 ne
610 2691 676 2762 quid
694 2689 728 2744 de
770 2693 885 2745 remissis
893 2690 1023 2763 jucunde,
1036 2709 1097 2743 cnm
1108 2688 1213 2742 senibus
1224 2703 1285 2758 gra·

216 2765 336 2820 Catilinas
350 2767 470 2821 muribus
480 2767 565 2833 derit,
581 2773 637 2842 ejus
650 2769 728 2823 indo·
770 2772 854 2834 viter,
869 2791 931 2825 cum
939 2775 1078 2843 juventute
1088 2769 1215 2834 comiter,
1224 2785 1287 2820 curn

215 2844 268 2898 leur
278 2864 293 2898 a
303 2847 360 2900 Cic.
368 2845 538 2919 descriptam,
543 2869 594 2920 pro
602 2851 696 2916 Coelio,
701 2869 727 2904 v.
772 2853 927 2906 facinorosis
938 2851 1077 2916 audacter,
1087 2869 1148 2903 cum
1157 2845 1287 2900 libidino-

260 2951 271 2974 ι
291 2925 391 2979 Habuit
403 2927 448 2980 ille
458 2931 590 2999 permulta
602 2930 729 2983 maxima·
772 2932 807 2986 sis
823 2933 959 2985 luxuriose
973 2931 1071 2984 vivere.
1094 2929 1151 2982 Hac
1165 2927 1211 2980 ille
1231 2937 1287 2978 tam

215 3023 277 3064 rum.
287 3023 342 3058 uon
351 3023 472 3079 expressa
483 3008 623 3080 signa,sed
635 3009 728 3062 adum·
772 3013 846 3066 varia
867 3011 1061 3084 multiplicique
1078 3022 1187 3072 natura,
1202 3023 1288 3077 quum

216 3081 291 3137 brata
306 3086 445 3141 virtutum.
464 3089 596 3142 Urebatur
612 3090 730 3143 homini·
772 3111 865 3146 omnes
879 3093 1003 3145 omnihus
1019 3109 1051 3144 ex
1073 3090 1151 3144 terris
1164 3087 1288 3140 homines

215 3161 267 3216 bus
288 3165 417 3236 improbis
436 3168 544 3236 multis3
567 3181 595 3223 et
621 3169 729 3242 quidem
773 3173 910 3244 improbos
942 3170 1106 3243 audacesque
1131 3169 1288 3240 collegeram

217 3244 326 3314 optimis
339 3247 440 3300 satiris
448 3247 569 3302 deditum
579 3269 635 3304 esse
649 3251 730 3303 simu·
773 3265 832 3305 tum
853 3253 932 3305 etiam
952 3253 1050 3304 multos
1072 3251 1153 3304 lortes
1176 3249 1248 3302 viros
1261 3257 1289 3298 et

216 3322 295 3378 labat.
318 3325 401 3380 Erant
423 3327 495 3401 apnd
510 3330 587 3384 illum
600 3331 731 3384 illecebra
773 3334 858 3385 bonos
872 3332 959 3404 specie
972 3329 1087 3404 quedam
1102 3330 1210 3383 virtutis
1224 3325 1288 3378 assi·

217 3401 363 3458 libidinum
378 3409 487 3463 multae:
505 3423 581 3464 erant
596 3412 675 3464 etiam
689 3412 731 3464 in·
773 3413 881 3466 mulatas
915 3412 1029 3465 tenebat.
1055 3411 1148 3482 Neque
1170 3423 1289 3478 unquam

218 3479 326 3537 dustrise
346 3486 456 3557 qnidam
470 3491 570 3544 stimuli
584 3493 730 3545 aclaboris.
774 3511 807 3546 ex
820 3493 867 3545 illo
888 3491 995 3546 delendi
1013 3493 1092 3562 hujus
1112 3487 1219 3562 imperii
1234 3499 1290 3538 tam

218 3561 376 3636 Plagrabant
391 3569 456 3622 vitia
479 3569 598 3623 libidinis
612 3571 683 3642 apud
698 3573 731 3625 il·
774 3573 967 3627 consceleratus
986 3573 1102 3644 impetus
1124 3567 1288 3633 exstitisset,

218 3641 290 3710 lum,
300 3646 425 3718 vigebant
437 3650 517 3702 mura
527 3648 613 3702 studia
627 3652 666 3704 rei
680 3653 732 3705 mi·
774 3654 827 3707 nisi
851 3665 892 3705 tot
911 3653 1038 3706 vitiorum
1053 3665 1125 3705 tauta
1139 3647 1291 3704 immanitas

218 3721 310 3780 lituris.
331 3726 424 3800 Neque
448 3747 497 3800 ego
516 3748 634 3801 unquam
652 3731 731 3786 fuisse
775 3733 934 3807 quibusdam
955 3733 1087 3786 facilitatis
1108 3743 1136 3786 et
1156 3727 1292 3804 patientiae

218 3803 270 3858 tale
280 3809 549 3864 monstraminterris
555 3811 732 3882 ullumputo,
753 3821 758 3830 “
775 3813 910 3869 radicibus
922 3813 1085 3870 niteretur..

647 4111 876 4135 --κ-ῷ--ι-
