2950 4646
223 415 295 489 ¹7⁰
484 394 522 462 C.
551 391 725 462 CRISPI
753 393 1031 462 SALLUSTII

218 525 318 596 sereri
344 538 480 620 potest,
508 527 564 620 qui
592 523 768 620 aliquando
794 525 890 596 robis
917 528 1020 596 hostis
1043 524 1286 600 11111Ρο1111-

217 659 274 702 mo
289 631 312 673 ¹⁷
335 633 510 703 Masinissa
536 657 597 702 nos
624 634 668 701 ita
694 634 856 722 instituit,
883 649 993 730 patres
1019 635 1222 732 conscripti,
1244 661 1287 706 ne

219 763 316 834 quem
329 737 528 830 coleremus,
540 741 602 810 nisi
613 738 774 836 populum
788 765 962 811 romanum
971 769 980 832 3
990 767 1031 812 ne
1042 744 1229 832 societates,
1243 768 1286 813 ne

219 845 344 916 soedera
358 871 445 917 nota
463 849 709 943 acciperemus:
729 847 861 918 abunde
883 875 1004 945 magna
1024 850 1175 946 praesidiu
1191 851 1287 919 uobis

218 955 252 1022 in
273 969 383 1024 vestra
405 955 547 1024 amicitia
566 954 659 1024 lore:
677 957 704 1024 si
728 955 806 1025 huic
828 958 967 1053 imperio
989 959 1122 1028 fortuna
1143 972 1288 1027 mutare·

218 1075 293 1146 tur,
313 1085 379 1130 una
398 1061 493 1131 nobis
518 1061 736 1131 occidendum
758 1089 837 1133 esse.
855 1067 988 1134 Virtute
1014 1090 1053 1136 ac
1077 1065 1127 1134 dis
1148 1063 1288 1134 volenti·

217 1167 280 1237 bus
296 1171 408 1262 magni
432 1170 509 1238 estis
524 1183 557 1238 et
572 1166 720 1262 opulenti
734 1196 744 1257 3
762 1172 873 1240 omnia
890 1173 1034 1242 secunda
1052 1188 1086 1242 et
1103 1172 1290 1241 obedientia

219 1291 315 1344 sunt:
338 1299 404 1370 quo
427 1273 552 1346 facilius
571 1276 736 1344 sociorum
755 1276 890 1369 injurias
908 1299 1024 1344 curare
1043 1273 1127 1344 licet.
1145 1278 1290 1344 Tantum

219 1380 300 1451 illud
318 1407 453 1470 vereor,
476 1407 518 1450 ne
540 1407 623 1476 quos
645 1384 775 1477 privata
796 1383 937 1451 amicitia
960 1381 1152 1478 Jugurthae,
1170 1405 1291 1475 parum

220 1475 394 1583 cognita¹⁸,
415 1505 625 1559 transvorsos
641 1503 736 1584 agat:
753 1512 836 1583 quos
854 1512 917 1584 ego
935 1489 1033 1558 audio
1054 1511 1207 1556 maxuma
1225 1511 1291 1582 ope

220 1597 295 1682 niti,
315 1595 460 1683 ambire,
482 1596 620 1691 fatigare
639 1621 700 1666 vos
722 1595 888 1692 singulos,
909 1621 951 1666 ne
972 1595 1113 1692 quidde
1136 1596 1291 1684 absente,

219 1701 388 1796 incognita
415 1726 550 1790 caussa,
577 1704 727 1772 statuatis
755 1729 762 1770 :
796 1703 921 1798 fingere
947 1727 1001 1773 me
1029 1703 1151 1791 verba;
1176 1701 1291 1796 lugam

219 1808 390 1898 simulare,
413 1811 467 1878 cui
491 1808 620 1880 licuerit
645 1812 680 1877 in
706 1835 811 1906 regno
833 1835 976 1880 manere.
998 1809 1100 1900 Quod
1129 1810 1256 1878 utinam
1267 1807 1291 1848 ¹⁹

219 1913 328 2004 illtun,
343 1917 437 2010 cujus
452 1918 555 2013 impio
571 1917 719 1987 facinore
733 1920 768 1985 in
782 1919 842 1988 has
857 1920 1003 1988 m'uerias
1017 1919 1185 2014 projectus
1199 1939 1272 1985 sum
1281 1916 1300 2005 ,'

220 2022 335 2091 cadem
360 2023 431 2092 haec
459 2023 668 2094 simulantem
691 2021 842 2095 videam!
867 2039 900 2096 et
922 2024 1099 2122 aliquando
1122 2039 1180 2092 aut
1203 2021 1292 2118 apud

219 2153 297 2218 vos,
320 2146 379 2199 aut
399 2131 489 2227 apud
509 2132 588 2202 deos
606 2132 810 2203 immortales
831 2157 942 2202 rerum
968 2134 1190 2202 humanarum
1212 2153 1293 2198 cura

220 2233 363 2307 oriaturl
378 2241 439 2308 Nae
451 2237 519 2329 ille,
534 2242 589 2335 qui
603 2265 694 2309 nunc
712 2239 889 2312 sceleribus
905 2241 971 2310 suis
984 2240 1077 2310 ferox
1092 2253 1191 2334 atque
1208 2261 1292 2332 prae·

221 2343 330 2416 clarus
342 2351 411 2435 e'st,
424 2347 577 2418 omnibus
589 2347 683 2417 malis
697 2351 923 2437 excruciatus,
938 2347 1113 2443 impietatis
1128 2348 1162 2414 in
1174 2367 1292 2440 paren·

221 2467 288 2521 tem
307 2467 479 2542 nostrum,
500 2454 611 2523 fratris
635 2456 700 2523 mei
714 2457 826 2543 necis,
851 2479 1066 2549 mearumque
1087 2454 1292 2522 miseriarum

221 2583 338 2653 graves
353 2585 469 2655 poenas
487 2561 611 2629 reddet.
634 2564 708 2630 Jam
727 2563 797 2657 jam
818 2560 953 2630 frater²⁰
971 2563 1082 2632 animo
1096 2585 1172 2630 meo
1193 2559 1292 2629 caris·

265 2761 309 2811 17.
319 2743 453 2796 Postremo.
467 2743 602 2796 Sententia
615 2757 654 2797 est
663 2763 669 2798 :
679 2745 734 2796 Au·
779 2743 874 2812 deam,
885 2763 983 2816 nempe
993 2745 1070 2798 1111111
1083 2742 1176 2816 eadem
1190 2743 1247 2796 hec
1261 2741 1295 2794 si·

221 2820 315 2874 uilium
330 2823 363 2873 ab
384 2821 440 2874 aliis
459 2823 566 2894 regibus
584 2837 735 2894 exspectare
780 2821 1295 2886 molantemlllisautemverbisrefellit,

222 2901 297 2953 nullo
308 2898 389 2952 modo
399 2920 516 2974 possum.
533 2906 621 2972 Atque
632 2904 736 2976 etiamsi
779 2903 853 2975 quod
874 2903 1003 2974 objiciunt
1026 2903 1138 2963 inimici,
1154 2919 1182 2954 se
1204 2901 1295 2971 fugam

221 2997 341 3052 postem,
358 2999 415 3033 non
436 2981 528 3034 liceret
542 2994 649 3054 petere;
668 3003 736 3055 quo-
779 2984 912 3036 simulare.
923 2979 1204 3054 Utinam,inquit,illi
1214 2979 1295 3032 simu·

221 3061 294 3112 niam
310 3059 448 3114 Masinissa
467 3062 605 3133 preceptis
625 3063 679 3115 suis
696 3081 737 3116 ca-
779 3063 850 3130 lent,
865 3061 1091 3134 quemadmodum
1109 3079 1159 3132 ego
1182 3059 1294 3113 simulo!

222 3141 315 3206 vit,ne
328 3159 407 3211 quem
416 3141 737 3215 socium.nisipopulum
780 3143 850 3196 Tum
870 3143 971 3214 patebit
995 3141 1059 3196 deos
1085 3159 1141 3195 non
1162 3141 1296 3212 negligere

222 3235 377 3284 romanum,
396 3221 562 3276 haberemus.
592 3222 662 3295 Ergo
682 3242 738 3276 ves-
780 3223 913 3286 humanu,
930 3224 1046 3296 actuque
1063 3235 1090 3275 et
1109 3239 1189 3287 meat,
1204 3233 1231 3274 et
1246 3222 1297 3273 fra·

224 3313 296 3355 trum
311 3314 350 3356 est
370 3301 448 3355 nobis
471 3321 632 3357 succurrere.
652 3303 686 3356 Et
708 3301 737 3356 id
781 3304 847 3370 tris,
868 3316 894 3356 et
915 3305 1031 3375 parentis
1054 3301 1180 3356 vindicta
1203 3299 1296 3354 datum

224 3384 333 3454 potestis
345 3380 471 3454 quidem,
483 3385 610 3456 quoniam
624 3384 737 3456 imperio
781 3383 839 3436 erit.
849 3407 886 3416 -
895 3383 950 3435 Ant
959 3383 1026 3456 apud
1033 3401 1091 3450 aas,
1105 3395 1150 3436 atat
1164 3381 1231 3453 apud
1239 3381 1296 3432 deos

223 3476 312 3516 vestro
327 3463 417 3516 omnia
433 3463 548 3519 secunda
564 3477 590 3517 ct
610 3463 737 3518 obedien·
781 3463 933 3516 immortales.
943 3462 1189 3517 blandumuuribus
1196 3463 1296 3513 Roma-

225 3543 262 3596 tia
277 3555 348 3596 sunt.
780 3562 894 3609 norum,
906 3545 1019 3616 quibus,
1033 3563 1087 3596 una
1102 3561 1163 3596 oum
1176 3539 1244 3606 diis,
1255 3559 1298 3593 ar-

268 3625 313 3677 18.
326 3625 419 3676 Puram
432 3629 538 3694 cognita.
552 3625 634 3694 Cujus
647 3625 739 3678 incon·
781 3625 892 3677 bitriurn
902 3641 993 3678 renam
1001 3625 1178 3678 humanarum
1190 3620 1296 3675 tribuit.

224 3705 347 3770 stantiam
360 3717 387 3757 et
401 3705 536 3757 levitatem
551 3722 645 3776 parum
659 3723 739 3758 nore·
781 3705 895 3758 -Cum
907 3711 1007 3759 11111111.
1020 3705 1119 3758 11111111
1142 3702 1297 3756 bominibus

225 3797 351 3837 1111.-
367 3785 525 3836 Trauos-orsos
545 3795 612 3854 agat.
629 3786 652 3835 Δ
667 3795 738 3837 recte
781 3801 870 3851 canor,
881 3784 925 3838 dei
936 3803 1059 3839 somnum
1072 3787 1297 3854 incusare,quurn

224 3862 388 3917 consulendo
402 3861 524 3916 deducat.
782 3865 873 3920 miseri
886 3879 956 3920 sunt.

270 3961 314 4012 19.
339 3943 414 4014 Quod
432 3947 530 3996 utinam.
548 3941 654 3996 Dicitur
676 3944 741 4016 quod
825 3945 1233 4017 no.Jamjamsruter-.Quoniam
1247 3943 1300 3995 fra·

226 4025 332 4084 uanam,
345 4036 375 4076 ut
388 4023 496 4096 quodsi,
512 4035 539 4077 et
550 4023 616 4096 qnod
628 4024 739 4078 11121111-
783 4027 830 4078 trls
845 4027 946 4080 mentio
961 4025 1070 4093 incidit,
1086 4026 1251 4080 cnrbsimunt
1264 4023 1299 4076 il·

227 4102 267 4155 tio
281 4103 384 4173 integra
397 4105 484 4162 foret:
498 4102 571 4178 qnod
585 4105 688 4161 utinam
700 4107 739 4162 vi·
781 4105 839 4161 lun
855 4107 981 4176 fratrem,
997 4119 1124 4180 tanquam
1139 4115 1299 4178 presentem
