2922 4642
181 583 252 722 C.
295 585 613 724 CRISPI
661 589 1167 729 SALLUSTH

457 873 890 980 caninum.

588 1107 775 1136 -οομ-

403 1261 711 1322 stneutonuu
737 1263 945 1323 cnntnuu

483 1415 879 1499 ARGUMENTA.

147 1639 173 1703 1.
190 1587 416 1704 Pisanus.
429 1635 531 1700 Decet
542 1635 690 1700 homines
701 1637 834 1726 glotiam
846 1661 1005 1727 querere,
1019 1640 1076 1706 sed
1086 1641 1209 1734 ingenii

256 1743 364 1831 potius
380 1763 479 1830 quam
495 1742 637 1831 emporis
652 1741 786 1808 viribus.

149 1849 189 1914 ΙΙ.
206 1848 249 1912 Et
263 1850 297 1912 in
315 1849 401 1912 bello
417 1848 500 1912 etin
515 1847 583 1912 aliis
604 1847 774 1930 omnibus,
790 1849 892 1914 virtus
913 1851 1011 1915 animi
1027 1853 1207 1942 plurimum

257 1969 381 2043 potest3
402 1954 491 2041 iique
511 1974 586 2018 vere
609 1975 676 2018 non
691 1955 822 2032 vivunt,
841 1956 898 2043 qui
912 1957 1129 2046 voluptatem,
1149 1981 1208 2024 ne-

99 2120 105 2132 ,
257 2060 366 2148 glectis
381 2057 476 2123 bonis
493 2059 634 2142 antibus,
644 2075 817 2124 sectantur.

127 2143 206 2230 οΙΙΙ.
222 2164 402 2228 Pulchrum
416 2179 465 2229 est
479 2180 513 2229 et
524 2164 607 2228 bene
618 2165 721 2229 facere
735 2164 935 2254 reipublicae,
945 2181 978 2230 et
991 2167 1116 2257 egregia
1129 2167 1207 2231 alio·

258 2293 333 2334 rum
350 2269 433 2335 laeta
450 2269 598 2334 scribere.
615 2269 657 2334 Et
675 2269 743 2358 ipse
766 2267 897 2358 quidem
920 2269 1088 2334 Sallustius
1112 2271 1207 2336 initio

259 2375 300 2440 ad
315 2397 364 2441 nes
381 2373 535 2466 gerendas
550 2397 585 2439 se
599 2375 747 2440 contulit.

147 2481 202 2547 tv.
221 2481 301 2546 Mox
314 2481 464 2572 peticulis
480 2481 698 2568 molestiisque
716 2504 735 2544 a
751 2503 861 2545 rerum
876 2479 1066 2545 tractatione
1083 2479 1206 2545 abster-

258 2589 358 2671 ritus,
371 2587 484 2654 statuit
498 2608 548 2652 res
564 2603 667 2677 gestas
681 2585 792 2676 populi
803 2587 929 2650 romani
939 2587 1077 2651 maxime
1087 2609 1208 2652 memo·

256 2693 370 2758 nabiles
386 2694 534 2760 sctibere.
548 2693 683 2757 Initium
698 2693 773 2758 facit
784 2716 803 2757 a
813 2693 1035 2776 conjuratione
1051 2693 1205 2760 Cutilinae.

257 2799 335 2887 (Hic
350 2798 423 2864 finis
439 2816 487 2866 est
502 2798 679 2889 prooemii.)

149 2907 185 2972 V.
199 2905 344 2971 Catilinae
359 2905 498 2990 indoles;
510 2905 647 2995 pessime
662 2904 809 2993 quidem,
830 2903 887 2969 sed
907 2907 997 2994 pejor
1014 2906 1110 2971 etiam
1131 2929 1207 2994 pro·

256 3027 328 3100 pter
343 3027 513 3099 eonuptos
528 3009 663 3076 civitatis
677 3032 793 3075 mores.

149 3116 202 3182 vl.
220 3117 321 3207 Origo
344 3133 376 3182 et
405 3117 498 3181 initia
518 3115 608 3180 urbis
633 3115 754 3180 Romae.
777 3115 823 3178 Ea
842 3114 948 3203 primo
968 3137 1058 3204 reges
1080 3113 1204 3181 habuit.

257 3221 398 3300 Deinde,
414 3221 504 3312 regio
525 3221 661 3310 imperio
678 3222 713 3286 in
734 3221 916 3310 superbiam
933 3219 1204 3285 dominationem·

257 3351 321 3417 que
350 3347 528 3406 converso,
555 3323 681 3392 annuos
715 3327 874 3415 binosque
908 3327 1112 3415 magistratus
1143 3327 1203 3391 sibi

19 3477 21 3507 t
255 3437 368 3501 fecere.

20 3627 22 3630 Ι
148 3540 219 3610 Vll.
242 3541 439 3630 Recuperata
463 3539 610 3606 liltentate
636 3537 677 3604 ad
705 3537 836 3629 glandia
862 3535 1008 3602 certatim
1035 3537 1205 3627 eriguntur

20 3633 22 3636 ¹
257 3647 373 3728 animi,
389 3669 530 3735 moxque
548 3647 657 3710 civitas
674 3645 709 3708 in
726 3646 922 3709 immensum
937 3643 1060 3709 crescit.

148 3751 237 3818 vtfl.
259 3751 378 3816 Reddit
394 3753 553 3818 nationem
574 3749 696 3828 obiter,
715 3773 774 3815 cur
794 3749 980 3816 Graecorum
1000 3751 1082 3816 tacta
1104 3747 1204 3837 magis

257 3875 365 3924 tamen
381 3859 583 3924 eelebrentur
600 3879 697 3945 quem
715 3857 946 3921 Romanorum.

148 3963 206 4030 lx.
229 3963 280 4030 Ad
303 3965 507 4054 propositum
528 3962 629 4041 redit,
653 3963 858 4054 optimosque
881 3962 1061 4052 priscorum
1085 3959 1203 4024 Roma·

257 4093 378 4138 norum
397 4091 502 4138 mones
517 4069 664 4136 delineat.
