2922 4642
249 398 341 445 xv111
710 371 833 438 VITA

249 507 355 577 facuss
368 520 432 592 est,
444 505 615 600 patuitque
635 503 681 572 illi
696 527 755 598 per
777 505 864 572 hanc
884 503 1077 598 dignitatem
1097 503 1139 572 ad
1160 517 1310 575 senatum

249 613 383 682 reditus.
411 612 622 700 Quaesturam
649 613 764 679 Romae
783 625 853 679 tum
877 609 931 679 ille
948 611 1105 706 gerebat,
1125 635 1228 705 quum
1253 613 1312 682 hu·

246 720 301 814 jus
322 743 421 813 quem
443 720 567 788 vicerat
588 715 677 786 ultor
707 718 817 786 Caesar
840 719 1075 812 Pompeianam
1103 717 1226 787 caedem
1248 719 1310 789 Ni-

249 824 331 895 liaca
344 824 437 894 clade
458 823 650 893 vindicaret.
670 825 765 893 Tunc
783 823 870 893 circa
888 822 1091 893 Alexandria
1104 824 1312 894 obsidionem

214 959 218 966 ·
249 932 387 1001 haerenti
411 929 600 1000 Sallustium
631 929 768 998 alteram
794 929 966 1024 epistolam
988 932 1156 1024 scripsisse
1181 945 1309 1025 putant.

248 1037 313 1107 Sed
331 1037 430 1132 paulo
448 1052 537 1132 post,
549 1038 693 1133 AEgypto
714 1040 819 1124 victa,
830 1040 941 1106 Caesar
954 1039 1096 1106 Romam
1114 1036 1211 1107 rediit
1223 1061 1311 1107 anno

252 1147 293 1214 U.
314 1147 352 1214 C.
371 1159 509 1240 707,et
525 1157 605 1213 tunc
619 1143 790 1213 Sallustius
807 1157 929 1238 praetor
949 1143 1064 1213 lactus.
1085 1145 1136 1213 Eo
1151 1141 1220 1213 fere
1233 1159 1313 1213 tem-

248 1275 349 1346 pore,
370 1275 507 1320 uxorem
526 1250 619 1320 duxit
639 1253 847 1336 Terentiam,
862 1271 962 1344 quam
984 1251 1089 1319 redux
1106 1275 1147 1319 ex
1164 1252 1312 1346 Pompeii

249 1359 365 1428 castris
375 1356 503 1427 Tullius
516 1357 723 1451 repudiarat,
736 1358 782 1426 rei
803 1353 969 1425 familiaris
984 1359 1081 1426 nimis
1092 1357 1311 1444 incuriosam,

248 1461 488 1557 Tulliolamque
512 1459 613 1530 liliam
639 1463 753 1530 durius
786 1461 974 1530 habentem:
1005 1465 1091 1530 Eam
1121 1462 1245 1532 scilicet
1271 1487 1311 1531 ex

248 1568 346 1638 Tullii
369 1569 520 1638 thalamis
538 1591 606 1636 non
622 1567 740 1662 puduit
764 1569 797 1634 in
819 1565 962 1635 Sallustii
982 1567 1090 1636 Tullio
1111 1571 1234 1638 inimici
1250 1593 1311 1637 nu-

248 1678 333 1769 ptias
350 1675 732 1770 prorumpere,recentis
744 1672 855 1742 forsan
867 1674 995 1768 injuria
1013 1676 1191 1763 memoria,
1208 1699 1311 1769 quum

248 1779 390 1850 voluerit
420 1801 543 1849 nomen
572 1793 606 1848 et
629 1778 737 1849 cubile
765 1804 843 1848 cum
871 1805 912 1848 eo
939 1782 1148 1864 consociare,
1178 1783 1311 1874 quicum

248 1902 283 1956 et
299 1889 366 1956 iras
386 1901 507 1981 posset.
530 1887 731 1980 Quanquam
751 1909 821 1955 uon
842 1884 937 1955 facile
962 1885 1099 1980 intelligi
1116 1899 1226 1981 potest
1244 1901 1313 1955 tam

247 1995 384 2087 imparis
401 1993 602 2062 matrimonii
619 2015 737 2080 causa3
759 1995 881 2088 quippe
897 1995 1052 2062 Terentia
1072 2007 1165 2062 tanto
1185 1991 1314 2086 dejecta

249 2100 404 2194 conjugio
423 2102 458 2166 in
479 2097 670 2167 Sallustium
691 2098 954 2184 devolvebatur3
982 2099 1154 2169 Sallustius
1172 2097 1313 2168 affinita-

247 2219 315 2275 tem
333 2205 496 2300 jungebat
514 2227 591 2275 cum
608 2227 648 2273 ea
665 2203 782 2290 domo,
799 2207 893 2299 cujus
911 2206 1055 2273 dedecus
1069 2205 1238 2298 probrosae
1252 2207 1312 2272 im-

188 2293 193 2320 *
248 2311 440 2382 mortalitati
465 2311 639 2380 mandarat
660 2313 743 2405 ipse,
771 2310 923 2404 prodito,
945 2312 979 2378 in
997 2310 1135 2380 historia
1161 2309 1312 2405 conjura-

249 2421 365 2506 tionis,
388 2417 538 2488 Catilinae
559 2431 674 2511 stupro
704 2441 782 2486 curn
804 2418 934 2510 virgine
959 2415 1075 2486 vestali
1097 2417 1212 2504 Fabia,
1239 2441 1313 2510 quae

251 2525 315 2593 luit
328 2525 490 2591 Terentiae
508 2547 610 2590 soror.
632 2524 682 2590 Ea
704 2547 789 2615 quo,
808 2537 847 2590 ut
864 2522 973 2590 obiter
989 2521 1166 2613 dicamus,
1188 2547 1313 2592 novum

250 2631 391 2698 sumitur
408 2641 641 2722 argumentum
663 2629 819 2723 scriptam
834 2628 990 2697 antehoc
1012 2643 1143 2724 tempus
1161 2629 1315 2698 Catilina·

249 2736 332 2807 riam
353 2731 644 2828 conjurationem.
672 2733 730 2801 Sin
751 2731 865 2820 aliter,
885 2734 1053 2827 quomodo
1074 2735 1116 2804 de
1137 2735 1244 2804 Fabiae
1262 2735 1315 2804 de

250 2840 370 2911 decore
388 2863 456 2909 non
471 2840 645 2926 tacuisset,
655 2841 711 2932 qui
726 2853 795 2908 tam
813 2837 917 2909 multa
931 2840 1080 2912 Catilinae
1099 2841 1314 2912 adolescentis

250 2946 373 3042 flagitia
394 2944 523 3014 silentio
537 2943 812 3040 praetermiserat?

303 3055 435 3121 Interea
443 3053 552 3146 Scipio
560 3067 594 3120 et
603 3055 704 3141 Cato,
715 3051 892 3122 auxiliante
902 3054 988 3122 iuba
998 3055 1207 3123 Mauritaniae
1219 3077 1314 3146 rege,

251 3157 395 3252 reliquiis
404 3160 565 3253 partium,
574 3183 648 3252 quae
658 3183 721 3254 pro
732 3159 882 3232 libertate
895 3175 1140 3256 pugnaverant,
1153 3162 1189 3228 in
1202 3159 1315 3228 Africa

251 3264 415 3354 collectis,
427 3263 550 3334 bellum
564 3265 659 3334 civile
673 3265 715 3334 de
733 3267 862 3361 integro
875 3267 1111 3335 instaurabant.
1127 3267 1312 3336 Renascen·

252 3387 301 3442 tes
322 3367 408 3441 male
426 3373 525 3466 sopiti
547 3371 687 3442 incendii
706 3371 856 3444 flammas
878 3375 990 3443 Caesar
1010 3375 1230 3444 exstincturus
1246 3371 1314 3466 jus-

295 3573 319 3609 1.
340 3555 430 3608 Restat
447 3567 536 3608 tamen
563 3553 651 3608 adhuc
677 3555 771 3625 aliquis
795 3552 937 3608 dubitandi
957 3555 1049 3622 locans
1070 3553 1143 3628 qaod
1168 3555 1264 3608 Cicero
1281 3574 1316 3611 sse

252 3635 364 3690 verbum
384 3631 493 3705 quidem
515 3633 600 3686 ullum
621 3633 655 3687 de
674 3634 796 3686 Sallustio
812 3633 904 3688 lecerit
922 3635 951 3687 in
970 3635 1068 3702 Bruto,
1082 3637 1129 3688 uhi
1148 3633 1182 3688 de
1201 3634 1316 3690 inimicis

252 3715 333 3768 etiam
346 3713 400 3766 suis
413 3733 468 3766 non
480 3712 591 3766 reticere
603 3719 631 3766 'se
649 3713 739 3766 multis
753 3713 880 3785 exemplis
892 3711 991 3768 docuit.
1006 3715 1064 3768 Nisi
1079 3716 1148 3767 forta
1163 3713 1316 3769 Sallustium

252 3794 464 3866 praemiserit,
476 3792 550 3865 quod
565 3793 588 3846 is
603 3793 689 3846 nullas
705 3793 813 3846 dixisset
827 3813 916 3849 causas
931 3807 970 3860 at,
984 3795 1097 3866 scriptor
1110 3795 1173 3848 licet
1188 3808 1315 3866 praestan·

252 3874 380 3938 tissimus,
390 3873 479 3926 locum
488 3873 558 3926 inter
568 3885 686 3928 oratores
694 3892 749 3926 non
759 3873 877 3927 haberet.
888 3874 1014 3928 Ceterum
1023 3875 1153 3928 existimat
1163 3875 1312 3938 Ms'ddlston,

252 3951 309 4006 vit.
323 3954 396 4020 Cic.,
410 3953 566 4007 Sallustiana
588 3971 686 4026 opera,
706 3971 874 4026 quocumque
893 3969 1013 4026 tempore
1034 3955 1180 4026 composita
1201 3955 1312 4016 fuerint,

252 4049 306 4086 non
318 4045 379 4089 ante
391 4033 504 4106 Augusti
517 4033 695 4106 principatum
710 4034 741 4088 iu
753 4033 839 4088 lucam
852 4032 923 4088 edita
936 4035 1023 4087 luisse.
