2938 4654
602 323 910 394 sucunrnr.
1206 325 1280 420 289

219 471 290 524 tum
310 455 365 524 alii
386 457 498 551 inopia
523 441 718 544 bonorum³,
736 454 791 524 alii
814 479 874 550 per
896 453 1109 524 ambitionem
1137 456 1280 526 consulis

218 561 468 649 memorabant3
489 562 577 657 quod
604 561 646 630 ab
668 587 708 632 eo
737 585 858 657 genere
887 561 1070 631 celebratus
1101 577 1282 658 auctusque

219 683 309 736 crat:
325 682 359 736 ct
371 668 499 740 homini
515 671 696 763 potentiam
714 670 872 762 quaerenti
889 669 1129 763 egentissumus
1143 671 1281 764 quisque

218 777 544 868 opportunissumus;
562 777 617 844 cui
638 799 746 869 neque
763 797 821 844 sua
841 797 945 858 curae,
960 777 1082 869 quippe
1097 799 1170 868 quae
1192 775 1282 845 nulla

218 895 309 966 sunt,
330 895 365 949 et
381 883 493 950 omnia
512 906 588 950 eum
607 883 714 974 pretio
731 882 870 950 honesta
894 881 1053 950 videntur.
1077 883 1183 975 Igitur
1204 884 1282 950 Ma·

218 987 284 1054 rius
298 1011 374 1055 cum
389 987 514 1080 majore
532 986 700 1082 aliquanto
713 1011 871 1072 numero,
885 1010 985 1080 quam
1001 981 1179 1055 decretum
1194 1003 1282 1075 erat,

218 1092 250 1158 in
271 1091 416 1162 Africam
444 1091 638 1187 profectus,
664 1093 779 1162 diebus
797 1095 910 1188 paucis
933 1095 1065 1162 Uticam
1095 1093 1280 1164 advehitur.

217 1199 389 1268 Exercitus
408 1203 438 1268 ei
465 1199 605 1268 traditur
624 1223 645 1268 a
662 1202 696 1267 P.
720 1199 843 1268 Rutilio
874 1197 991 1294 legato.
1016 1202 1102 1268 Nam
1127 1199 1282 1270 Metellus

217 1320 435 1398 conspectum.
450 1307 548 1374 Marii
564 1307 710 1400 lugerat3
724 1331 765 1375 ne
780 1305 906 1374 videret
921 1329 976 1394 ea,
990 1330 1062 1400 quae
1081 1305 1193 1374 audita
1211 1309 1281 1375 aui·

217 1433 291 1478 mus
310 1410 450 1480 tolerare
472 1413 673 1506 nequiverat.

270 1518 477 1586 LXXXVII.
498 1517 563 1587 Sed
580 1517 711 1605 consul,
724 1517 860 1613 expletis
875 1517 1058 1612 legionibus
1073 1517 1281 1589 cohortibus·

217 1645 281 1715 que
302 1622 494 1712 auxiliariis,
511 1627 546 1692 in
560 1647 676 1718 agrum
692 1623 832 1694 fertilem
850 1639 884 1692 ct
899 1623 1009 1718 praeda
1028 1640 1184 1694 onustum
1200 1651 1280 1720 pro·

218 1727 376 1798 ficiscitur
389 1756 397 1798 :
410 1731 522 1799 omnia
541 1731 587 1800 ibi
605 1745 703 1825 capta
720 1730 878 1800 militibus
898 1730 1013 1801 donat.
1027 1733 1113 1808 Dein
1132 1732 1282 1822 castella,

218 1848 252 1902 et
267 1835 388 1929 oppidu
403 1849 521 1904 natura
532 1851 566 1905 et
578 1839 655 1906 viris
669 1861 788 1931 parum
804 1839 930 1905 munita
943 1837 1154 1934 aggreditur:
1171 1839 1282 1933 praelia

217 1940 339 2028 multa,
353 1957 499 2012 ceterum
516 1944 578 2012 alia
597 1943 682 2011 levia
703 1942 773 2010 aliis
791 1941 871 2012 locis
890 1942 1024 2012 facere¹.
1045 1945 1183 2013 Interim
1202 1949 1284 2014 novi

216 2045 336 2116 milites
357 2051 426 2117 sine
450 2064 540 2118 metu
562 2073 682 2144 pugnae
707 2049 819 2117 adesse
839 2073 846 2116 :
870 2048 982 2117 videre
1005 2048 1167 2144 fugientes
1189 2049 1280 2146 capi,

217 2153 341 2241 occidi;
356 2154 583 2226 fortissumum
599 2179 763 2250 quemque
784 2155 1014 2243 tutissumum;
1027 2158 1125 2223 armis
1146 2153 1279 2228 liberta·

218 2273 306 2348 tem,
335 2263 475 2354 patriam
512 2275 728 2358 parentesque
751 2274 785 2329 et
805 2259 868 2329 alia
887 2262 999 2329 omnia
1024 2263 1110 2355 tegi,
1139 2262 1277 2356 gloriam

216 2379 315 2459 atque
332 2367 459 2436 divitias
474 2369 583 2462 quaeri.
598 2369 651 2437 Sic
664 2367 755 2436 brevi
774 2369 883 2461 spatio
899 2370 977 2436 novi
995 2382 1186 2462 veteresque
1201 2393 1276 2439 cou-

216 2469 322 2559 luere,
343 2489 376 2542 et
396 2476 501 2544 virtus
522 2476 670 2543 omnium
691 2471 822 2568 aequalis
844 2471 939 2545 lacta.
961 2477 1006 2542 At
1025 2499 1134 2568 reges,
1156 2475 1214 2544 ubi
1236 2477 1277 2546 de

216 2575 361 2647 adventu
389 2581 486 2654 Marti
520 2594 768 2676 cognoverunt,
797 2562 920 2648 divorsi
944 2579 978 2647 in
1008 2579 1098 2649 locos
1124 2579 1277 2656 difficiles

214 2683 347 2753 abeunt.
373 2689 426 2754 Ita
446 2687 618 2781 iugurthae
641 2685 831 2782 placuerat,
858 2688 1022 2782 speranti,
1050 2711 1128 2754 mox
1151 2688 1274 2758 effusos

215 2789 326 2859 hostes
342 2792 452 2861 invadi
470 2818 582 2888 posse,
601 2796 789 2880 Romanos,
810 2789 905 2860 sicuti
929 2791 1119 2887 plerosque,
1146 2811 1274 2866 remoto

214 2912 320 2986 metu,
337 2895 440 2968 laxius
458 2897 674 2994 licentiusque
688 2899 825 2970 futuros.

256 3044 283 3097 3.
301 3045 385 3116 Inopia
405 3047 526 3100 bonorum.
542 3047 629 3100 Bonos
645 3047 721 3100 intel·
765 3067 792 3100 se
813 3066 828 3100 a
849 3049 962 3119 maligno
982 3050 1110 3102 virtutum
1130 3051 1273 3124 interprete

214 3125 265 3195 lIge
284 3125 397 3186 ditiorem·
409 3125 463 3179 vid.
480 3127 557 3180 Catil.
572 3127 723 3195 XXXVII,
764 3127 837 3181 velut
855 3129 941 3200 capite
960 3148 1067 3182 censum
1085 3131 1271 3200 imperatorem

215 3221 242 3256 n.
257 3203 282 3256 5.
293 3228 320 3236 -
329 3205 380 3256 Per
389 3207 546 3260 ambitionem.
558 3205 652 3260 Studio
664 3225 723 3279 cap-
764 3207 917 3279 compellari
931 3227 1015 3280 posse.
1027 3233 1038 3254 ι
1046 3209 1272 3278 -Egerrtissrurrus

214 3279 288 3336 tandi
298 3283 450 3337 infimorum
463 3286 603 3338 hominnm
616 3288 721 3339 favoris.
764 3291 872 3360 quisque,
885 3299 933 3338 eto.
942 3284 1013 3338 Vide
1032 3286 1124 3340 eadem
1145 3291 1211 3354 sere,
1224 3289 1272 3343 Ca·

216 3363 256 3414 De
265 3363 317 3414 hoc
327 3383 405 3417 sensu
414 3366 535 3418 vocabuli
543 3367 654 3426 ambitio,
665 3363 720 3420 vid.
765 3365 803 3418 til.
816 3365 963 3432 XXXVII,
975 3384 1003 3418 n.
1017 3384 1044 3435 7.

215 3461 273 3512 sup.
285 3443 370 3508 XLV,
383 3464 409 3498 n.
426 3463 449 3498 1.
461 3477 498 3487 -
515 3445 590 3515 Quod
602 3445 633 3496 ab
646 3463 722 3515 eoge-
804 3445 868 3498 Cir.
876 3443 1040 3496 LXXXVII.
1052 3463 1075 3496 1.
1084 3445 1177 3502 Prata'a
1183 3448 1257 3499 multa
1262 3489 1270 3511 ,

216 3541 270 3573 uere
283 3522 411 3576 celebratus
423 3537 551 3597 omnaque
564 3537 624 3577 erat.
636 3524 722 3576 Atiam
765 3535 864 3576 ceterum
876 3523 926 3574 atta
941 3523 1013 3585 levia,
1028 3537 1077 3576 etc.
1092 3525 1198 3579 Curtius
1208 3546 1272 3580 con·

215 3619 321 3671 qnoque
339 3621 444 3657 cansam
456 3602 530 3658 addit
541 3605 630 3657 Valer.
640 3603 723 3656 Maxi·
763 3603 821 3676 jicit
844 3602 995 3654 Sallustium
1020 3604 1171 3676 scripsisse:
1183 3609 1272 3676 praelia

215 3697 288 3745 mus,
298 3681 368 3734 libro
378 3701 416 3747 ιι,
428 3703 450 3736 c.
467 3683 502 3737 3:
519 3710 530 3732 ι
542 3683 614 3738 Civis
625 3683 723 3755 alioqui
765 3683 854 3745 multa,
872 3694 971 3734 ceterum
987 3684 1058 3745 levia,
1075 3685 1123 3736 ulia
1142 3685 1197 3737 aliis
1215 3687 1272 3741 iocis

214 3759 382 3830 magnificus,
394 3761 440 3815 sed
455 3763 578 3817 novitatis
594 3781 646 3816 sun
661 3781 723 3816 con·
760 3764 852 3830 facere.
865 3763 899 3814 Et
912 3775 982 3816 certe
995 3764 1054 3816 levia
1068 3777 1170 3818 tautum
1184 3767 1272 3838 prelis

214 3839 338 3905 scientia,
349 3843 471 3896 vetustati
485 3861 539 3896 non
558 3861 620 3896 sane
631 3843 722 3914 propi·
766 3843 891 3908 iaciebat,
901 3861 955 3914 quo
968 3843 1070 3897 minore
1082 3845 1199 3916 periculo
1210 3845 1271 3900 hos·

215 3918 613 3992 tius3memorque,similitaris
620 3921 723 3993 ignavia
766 3923 838 3975 tilem
854 3915 989 3994 impetum
1000 3923 1128 3976 sustinere
1148 3945 1274 3980 assuesce·

214 3995 389 4052 humilitatem
396 4019 519 4072 spernere
531 4013 722 4075 perseveraret,
766 4015 825 4055 rent
836 4001 899 4056 novi
914 4002 1016 4057 milites.

1049 4107 1091 4178 ¹9
