2950 4648
532 369 874 438 FRAGMENTA.
1157 379 1230 472 4¹7

229 502 270 568 Hi
285 497 435 569 locorum
454 487 664 595 perignnri²⁶,
688 517 722 570 et
740 499 825 572 soliti
846 517 978 572 nectere
1000 527 1040 572 ex
1060 506 1234 576 viminibus

175 628 255 674 vasa
273 607 432 700 agrestio,
454 607 499 674 ibi
520 621 609 694 tum,
625 607 714 702 quod
733 610 844 702 inopin
866 625 1034 678 scutorum
1052 611 1177 700 fuerat,
1192 613 1234 682 ad

175 735 249 780 eum
269 727 374 781 artem
396 737 430 781 se
448 715 585 806 quisque
601 715 635 780 in
654 713 796 782 formam
813 740 935 809 parmae
956 719 1115 810 equestris
1134 742 1236 787 arma-

175 815 243 886 bat.
262 821 418 905 Nonucr,
438 822 572 888 Parma
587 836 638 888 est
650 837 780 890 scutum
795 820 899 890 breve.

228 926 280 992 De
304 949 422 1020 pecore
447 927 535 994 coria
557 949 670 994 recens
697 927 863 1014 detracta,
881 929 974 1020 quasi
999 925 1125 1022 glutino
1152 929 1235 1000 ado-

177 1026 355 1099 lescebant.
378 1031 570 1118 Charisius,
594 1031 649 1100 lib.
669 1036 696 1100 I.
713 1035 854 1103 Servius.

228 1137 366 1204 Avidior
379 1137 479 1206 modo
496 1138 696 1231 properandi
716 1138 831 1208 factus.
847 1141 1010 1208 Arusian.

230 1241 367 1312 Consilii
390 1267 484 1337 aeger.
506 1243 612 1314 Idem.

229 1349 365 1417 Reversi
381 1364 513 1442 postero
525 1347 620 1437 die²⁷,
633 1349 752 1435 multa,
767 1376 839 1444 quae
857 1367 1072 1446 properantes
1084 1351 1234 1423 deserue-

175 1469 252 1522 rant
272 1455 305 1522 in
327 1457 457 1542 castris,
478 1458 584 1541 nacti,
602 1481 703 1549 quum
721 1482 755 1524 se
777 1457 822 1524 ibi
841 1457 915 1526 cibo
937 1460 1080 1552 vinoque
1099 1458 1163 1530 tuti
1187 1463 1235 1530 in-

174 1560 326 1628 vitarent.
350 1563 504 1647 Nom'us,
529 1565 679 1630 Invclore
696 1579 747 1630 est
764 1563 893 1658 repleri.

228 1669 337 1760 Atque
351 1667 455 1736 hiavit
465 1667 586 1738 humus
601 1653 748 1756 multa²⁸,
761 1684 854 1738 vasta
874 1683 908 1738 et
922 1670 1098 1764 profunda.
1119 1671 1233 1762 Idem,

176 1775 306 1860 liure,
331 1778 473 1868 aperire.

229 1880 356 1947 Rursus
362 1879 511 1972 jumenta
522 1881 610 1948 nacti
621 1879 663 1947 ad
680 1879 839 1974 oppidum
852 1882 899 1949 ire
912 1882 1126 1952 contendunt.
1141 1888 1234 1956 Non.

230 1984 297 2055 Ubi
318 2009 353 2054 se
374 1983 493 2056 laniata
516 1987 646 2080 navigia
665 1984 770 2058 fundo
788 2002 973 2082 emergunt.
993 1991 1156 2061 Armua.

177 2149 366 2249 corruptus,et
376 2177 447 2232 unde
456 2178 528 2232 haud
541 2179 616 2230 facile
627 2196 683 2230 sen·
727 2179 932 2248 interpretatur,
954 2180 989 2230 ad
1006 2181 1082 2231 cibum
1098 2187 1233 2256 uiriumque.

177 2275 237 2312 sum
252 2259 346 2311 elicias.
360 2259 452 2330 Itaque
465 2259 595 2328 relinquo.
727 2257 840 2310 Possunt
849 2269 936 2310 tamen
945 2276 1000 2311 esse
1009 2279 1085 2314 voces
1097 2261 1152 2314 istu
1161 2275 1234 2316 sexto

221 2341 265 2392 ²6.
283 2339 398 2390 Locorum
403 2341 534 2408 perignari.
545 2336 683 2400 Existimo,
726 2354 795 2388 casu.
812 2337 879 2388 Nem
891 2337 937 2408 qui
948 2338 1074 2410 propinat
1085 2340 1174 2407 alteri,
1189 2358 1234 2396 aut

178 2436 240 2472 cum
260 2419 372 2481 Bonna,
391 2415 589 2470 rescribendum
608 2433 682 2480 esse,
725 2415 765 2468 illi
775 2416 865 2468 cibum
877 2418 1057 2488 porrigit,hic
1068 2437 1129 2472 eum
1137 2441 1184 2491 per
1194 2429 1233 2476 νὶ-

174 2501 297 2568 psrgnarr'.
310 2496 404 2566 Agitur
414 2499 485 2549 enim
494 2495 683 2567 depostoribus
725 2513 781 2546 nuru
795 2495 916 2568 cibiorque
931 2497 1034 2552 invitat.
1053 2499 1119 2564 Qnae
1134 2519 1175 2553 res
1191 2516 1233 2556 ut·

175 2575 314 2641 Lucanis,
335 2594 401 2650 quos
425 2576 453 2628 in
479 2594 553 2628 suam
580 2592 682 2628 cumam
725 2593 838 2646 cumque
851 2576 897 2641 sit,
911 2576 1065 2648 perignams
1081 2579 1161 2632 homo
1176 2581 1233 2634 sue-

178 2655 683 2726 trnxitSpartacus;quicertenonique·
724 2655 782 2718 rit,
804 2669 849 2708 eut
878 2657 1018 2728 perignano
1039 2659 1134 2711 cuculo
1155 2673 1232 2714 notus

178 2735 204 2787 ri
215 2748 290 2787 erant
306 2735 436 2788 locorum.
449 2732 623 2805 Idem,quud
639 2733 682 2786 hic
726 2734 829 2787 Nonius
841 2753 944 2788 necesse
955 2747 1006 2802 est,
1018 2755 1098 2807 quem
1113 2757 1168 2791 non
1181 2760 1231 2812 pu·

178 2813 331 2879 Sallustius,
350 2826 440 2866 narrat
460 2814 530 2866 Flor.
554 2831 606 2879 ιιι,
626 2831 681 2866 so:
725 2811 786 2868 deut
801 2812 905 2880 dicere,
921 2818 1020 2868 inritare
1035 2829 1074 2870 est
1088 2819 1180 2887 repleri.

182 2893 376 2945 «Affluentibns
383 2893 410 2944 in
419 2891 683 2964 diemcopiis,quurn
768 2897 812 2948 28.
828 2894 915 2947 Hiarit
930 2894 1012 2948 liumus
1025 2897 1108 2950 multa.
1124 2897 1230 2970 Neque,

177 2974 232 3044 jam
254 2985 320 3026 esset
339 2975 425 3042 justus
443 2973 592 3039 exercitus,
611 2991 626 3024 e
643 2973 683 3023 ri·
725 2991 789 3044 pace
805 2973 887 3028 Nonii
903 2972 1030 3040 dixerim,
1042 2976 1108 3028 lu'are
1120 2991 1159 3031 est
1174 2999 1231 3050 ape·

178 3051 309 3116 minibus,
325 3050 509 3122 pecudumque
528 3053 683 3122 tegumentis
726 3056 774 3104 rire
783 3071 792 3112 ,¹
806 3051 853 3106 sed
870 3057 966 3123 aperiri.
985 3055 1073 3109 Hiavit
1086 3057 1162 3110 multa
1176 3073 1231 3123 est,

179 3129 330 3184 inconditos
341 3131 390 3184 sibi
403 3131 516 3202 clipeos,
530 3151 545 3183 e
557 3131 628 3184 lerro
641 3150 683 3184 er·
727 3133 812 3185 multos
830 3133 909 3185 luatur
924 3153 998 3203 passa
1011 3147 1062 3196 est,
1079 3149 1109 3188 ut
1124 3143 1232 3208 peccavit

178 3212 341 3282 gastulorum
356 3223 475 3276 recocto,
488 3209 587 3281 gladios
603 3221 683 3263 acts·
727 3212 817 3270 multa,
843 3224 882 3262 est
897 3225 996 3280 peccata
1019 3215 1094 3266 multa
1115 3217 1230 3278 adnuit,-

178 3289 220 3356 Ιι,
241 3291 367 3344 lecerunt.
380 3317 391 3337 .
406 3321 446 3334 -
459 3289 533 3344 Coria
549 3309 628 3342 recem
641 3290 683 3340 de·
727 3303 754 3342 et
768 3302 885 3342 sexcenta
901 3290 1038 3359 ejusmodi.
1058 3293 1115 3346 Hoc
1129 3297 1169 3347 De
1183 3297 1229 3351 Br.

181 3382 267 3422 tracta.
281 3369 339 3421 Hoc
352 3382 391 3422 est
404 3367 476 3440 quod
489 3381 565 3422 vocnt
577 3369 684 3434 Florus,
727 3387 766 3432 u,
787 3368 839 3433 25,
855 3369 935 3422 refert
956 3369 989 3423 ad
1007 3383 1082 3424 terro
1101 3387 1188 3428 motus
1204 3388 1231 3429 et

175 3469 289 3520 peronam
299 3446 618 3518 tegumentuvideDeBr.
634 3465 683 3512 ιιι,
726 3445 848 3519 prodigia
862 3447 890 3500 in
904 3448 986 3514 coslo,
999 3469 1058 3522 qun
1073 3453 1173 3506 animos
1186 3473 1231 3508 ex·
1258 3451 1260 3457 ⁴

182 3532 229 3581 62.
251 3561 291 3574 κ-
311 3527 495 3582 Adotuoeham.
518 3525 684 3582 Adhoresce·
728 3538 879 3582 terruerunt
888 3528 996 3580 Octavio
1006 3542 1032 3581 et
1045 3531 1162 3585 Curione
1171 3551 1233 3587 con-

179 3608 252 3660 bant.
729 3605 836 3660 nulibus.
864 3606 968 3673 Quibus
994 3607 1121 3680 prodigiis
1145 3626 1232 3667 monn

225 3705 269 3758 ²7·
290 3687 387 3740 daversi
401 3699 496 3758 postero
511 3686 557 3739 die.
576 3685 617 3739 Se.
632 3687 686 3756 glo·
729 3699 833 3740 senatus
842 3705 890 3756 per
899 3700 984 3740 totum
995 3689 1137 3760 imperium
1146 3693 1231 3764 colligi

182 3764 311 3830 dictores,
321 3767 402 3820 Crixo
411 3765 613 3832 duoe,victores
622 3784 687 3838 pro·
728 3767 804 3837 jussit
819 3767 923 3820 oraculo
936 3767 1109 3838 Sibyllarum,
1126 3784 1156 3823 ut
1171 3772 1233 3825 libri

181 3845 221 3901 lio
251 3844 376 3900 adversus
408 3847 542 3900 considem
572 3845 687 3900 Gellium
730 3845 868 3916 sibyllini,
887 3847 966 3918 paulo
981 3861 1041 3900 ante
1057 3847 1135 3919 Syllo
1152 3849 1233 3904 victo·

182 3925 339 3990 commisso;
352 3939 382 3979 ut
394 3939 483 3978 narrat
498 3927 537 3978 De
549 3925 594 3978 Br.
605 3943 646 3990 ιν,
659 3943 685 3994 7.
731 3925 815 3990 riam,
835 3945 895 3978 curn
914 3927 1038 3999 capitolio
1057 3927 1157 3984 incensi
1172 3949 1234 4004 snp-

182 4036 222 4052 ·-
238 4005 377 4064 irritarent.
398 4005 503 4062 Cortins
517 4005 570 4058 cibo
585 4007 688 4080 vinoque
732 4005 875 4078 plerentur.

1035 4148 1080 4222 27
