2942 4662
249 391 322 468 508
416 375 421 390 '
487 393 629 463 sucu
657 391 1061 463 EstPERANTII

244 531 280 598 in
300 525 422 622 oppido
447 526 667 596 Numidarum
686 527 739 596 cui
760 549 882 594 nomen
900 539 949 594 est
971 525 1094 611 Utica,
1111 523 1305 620 haruspices

246 657 367 728 magna
392 632 541 726 quaedam
567 631 756 729 impendere
778 633 886 702 Mario
913 630 1182 726 responderunt:
1204 647 1305 727 atque

246 738 370 808 hortati
390 733 468 808 ¹sunt
489 754 526 808 ut
549 763 621 834 quae
642 737 756 827 vellet,
779 737 932 827 auderet,
950 751 1139 833 peteretque
1165 735 1305 808 celsiora

246 842 428 932 natalibus,
446 847 634 940 meritisque
649 846 794 939 majora,
811 844 970 939 siquidem
990 859 1110 914 cuncta
1128 844 1304 914 videbatur

246 949 343 1019 favor
357 951 517 1046 spondere
535 951 683 1021 fortunae.
702 954 797 1022 Tunc
814 951 963 1047 capiendi
977 949 1166 1020 considatus
1184 951 1306 1021 invasit

246 1080 366 1151 magna
383 1057 564 1152 cupiditas,
580 1058 622 1128 ad
638 1082 736 1152 quem
755 1057 951 1154 petendum,
969 1058 1091 1152 paratis
1109 1055 1305 1152 suffragiis²,

246 1161 360 1232 relicta
379 1165 550 1260 provincia
569 1164 724 1252 Metello,
741 1167 882 1234 Romam
901 1166 992 1233 venit
1012 1190 1018 1232 :
1042 1164 1151 1258 ibique
1172 1163 1214 1231 de
1231 1165 1305 1232 Me·

246 1266 313 1336 telli
327 1269 426 1340 rebus
443 1269 606 1366 loquendo
624 1273 811 1366 corruptius
829 1296 867 1340 ac
886 1295 979 1340 suam
998 1269 1185 1340 extollendo
1200 1271 1304 1338 virtu·

246 1387 333 1461 tem,
345 1375 456 1445 effecit
472 1379 599 1445 animos
611 1377 703 1470 vulgi
718 1375 855 1470 cupidos
868 1377 1041 1463 novitatis,
1055 1377 1089 1444 in
1104 1400 1201 1444 suum
1217 1375 1304 1444 cxci·

246 1481 347 1550 tando
377 1481 548 1568 favorem,
578 1481 809 1576 adjuvantibus
834 1481 975 1550 tribunis
1004 1479 1116 1576 plebis.
1147 1481 1236 1552 Nam
1263 1505 1304 1550 eo

246 1599 395 1680 tempore
419 1589 505 1656 inter
532 1601 642 1680 patres
663 1602 698 1656 et
719 1586 899 1682 populum,
921 1587 1029 1657 studio
1053 1586 1306 1674 dominationis,

245 1707 341 1759 erant
359 1694 500 1762 excitata
519 1694 708 1762 certamina.
727 1697 780 1762 Ita
795 1693 919 1764 factum
934 1707 1047 1782 estut,
1061 1695 1153 1786 quasi
1173 1694 1207 1760 in
1225 1717 1306 1787 per-

246 1789 363 1866 niciem
381 1795 574 1885 nobilitatis,
595 1823 695 1893 quarn
712 1797 878 1871 lacerabat
897 1800 1043 1894 injuriis,
1060 1800 1189 1869 Marius
1209 1799 1305 1868 novis

244 1900 455 1974 extolleretur
484 1905 675 1976 bonoribus.
704 1905 845 2001 Itaque,
881 1907 1019 1977 comitiis
1049 1903 1305 1993 consularibus,

246 2010 417 2080 universus
431 2010 589 2106 populus,
602 2014 658 2108 qui
675 2011 717 2083 ad
733 2011 920 2107 eligendum
938 2011 1307 2098 convenerat,Marium

246 2115 414 2186 consulem
432 2118 551 2211 jussit:
567 2133 615 2203 et,
638 2133 751 2214 erepta
771 2117 907 2189 Metello
929 2119 1118 2214 provincia,
1133 2119 1169 2187 in
1189 2117 1306 2186 Numi·

246 2217 335 2290 diam
353 2225 471 2294 missus
488 2241 546 2294 est.

297 2329 341 2395 ΙΙ.
369 2330 433 2399 Sed
453 2331 480 2400 is
498 2345 635 2427 accepto
657 2329 861 2420 consulatu¹,
882 2332 974 2425 quasi
996 2327 1138 2426 spolium
1159 2329 1306 2399 victorio

246 2436 405 2527 superatis
424 2437 572 2532 patribus
592 2437 794 2526 ostentabat,
808 2453 985 2532 aperteque
1003 2461 1036 2506 se
1055 2460 1171 2505 eorum
1189 2449 1306 2531 poten·

245 2539 298 2608 tiae
312 2541 529 2634 profitebatur
543 2543 726 2614 adversum.
742 2543 806 2613 Sed
819 2569 921 2640 quum
936 2541 1071 2613 militem
1086 2565 1210 2611 novum
1225 2542 1303 2610 scri·

245 2641 353 2734 beret,
378 2650 503 2743 primus
529 2649 698 2720 omnium²
720 2652 826 2745 capite
851 2675 966 2720 censos
1003 2650 1090 2718 cives
1122 2647 1305 2741 infidosque

247 2764 345 2844 atque
369 2753 499 2825 inutiles
520 2753 613 2826 duxit
630 2756 672 2825 ad
689 2755 827 2844 bellum3
848 2772 886 2826 ut
902 2757 965 2826 hac
986 2757 1130 2844 ratione,
1149 2778 1227 2824 cum
1246 2779 1305 2848 pu·

246 2853 332 2924 blico
353 2857 572 2948 detrimento,
593 2861 717 2958 populo
739 2864 878 2958 gratiam
906 2861 1076 2948 redderet,
1099 2883 1118 2928 a
1144 2885 1210 2954 quo
1234 2883 1305 2954 spe·

246 2975 335 3030 ratos
353 2963 496 3036 honores
513 2983 694 3064 acceperat.
712 2971 799 3039 Nam
814 2968 957 3064 populus
974 2991 1130 3036 romanus
1145 2991 1205 3062 per
1226 2965 1305 3036 clas·

247 3090 297 3134 ses
316 3067 439 3140 divisus
457 3087 544 3158 erat,
566 3087 600 3144 et
617 3099 679 3170 pro
699 3076 887 3170 patrimonii
907 3073 1061 3144 facultate
1082 3057 1304 3146 censebatur³.

248 3173 298 3240 Ex
315 3175 353 3243 iis
373 3201 506 3268 omnes,
526 3181 644 3275 quibus
664 3205 716 3251 res
738 3167 842 3270 eratl,
859 3179 901 3249 ad
921 3180 1068 3253 militiam
1089 3179 1305 3250 ducebantur.

247 3277 314 3348 Dili
339 3297 431 3351 enter
452 3287 539 3386 enim
560 3313 622 3382 pro
643 3290 782 3358 victoria
802 3286 1016 3374 laborabant,
1038 3287 1188 3380 quicum
1208 3283 1305 3354 liber·

248 3397 316 3455 tate
334 3441 344 3476 ,
360 3389 463 3480 bona,
478 3395 618 3488 patriam
636 3393 864 3464 defendebant
880 3392 933 3462 llli
948 3407 1057 3462 autem
1074 3391 1193 3485 quibus
1211 3387 1308 3458 nullae

291 3597 316 3629 a.
337 3579 437 3632 Parata
451 3583 586 3654 suffragiis.
610 3583 653 3637 Sic
673 3583 756 3639 codex
840 3587 865 3639 3.
889 3585 1042 3638 censebatur.
1065 3582 1128 3635 Fuit
1146 3581 1264 3654 primum
1280 3579 1308 3632 in

250 3656 344 3726 regine.
357 3659 437 3730 Vulg.
449 3664 696 3734 paratussuffragr'is.
799 3663 991 3719 codicenoetro
1002 3659 1308 3723 “metatumeedertst

292 3735 356 3788 Can.
372 3739 449 3792 [La.
464 3739 515 3792 Sed
528 3746 548 3792 is
563 3754 658 3813 accepto
672 3763 756 3796 consu·
800 3757 839 3799 est
853 3745 940 3798 littera
956 3763 981 3798 n.

253 3813 438 3871 &nasicidem
444 3817 755 3891 eodenvulgmbestsed.
841 3831 867 3888 4.
885 3825 928 3876 Ex
942 3827 971 3875 iis
984 3841 1077 3882 omnes,
1096 3819 1181 3893 quidun
1196 3829 1305 3874 reserat.

295 3911 319 3945 ²·
332 3897 427 3950 Primo
439 3905 551 3954 omnum.
566 3901 624 3953 Hoc
638 3901 757 3956 fert'nos·
800 3903 908 3968 Noster,
919 3914 944 3954 et
953 3903 1073 3964 bomne,
1085 3901 1167 3972 quibus
1180 3919 1217 3950 res
1230 3909 1306 3950 erant.

253 3983 312 4036 ¹²¹³
332 3977 447 4046 optime,
467 3993 502 4034 nt
513 3981 634 4036 arbitror.
652 3982 756 4053 Vulgo,
799 3983 849 4036 Hic
864 3983 994 4054 vulgatam
1006 3977 1196 4053 proferendam
1207 3975 1305 4032 censui.

251 4053 352 4121 primm
364 4061 473 4112 meum.
840 4063 866 4114 ⁵.
884 4061 945 4116 Cum
960 4063 1075 4115 libertate.
1088 4059 1176 4130 Vulgo
1190 4077 1220 4110 ea·
1235 4055 1304 4108 tiber·
