2938 4654
459 406 461 411 V
567 432 586 504 J
594 436 866 524 UGUROEHA.
1175 459 1248 531 ²77

182 577 231 634 est
239 591 371 661 ,quam
390 567 579 639 consulatus
601 585 659 638 aut
680 585 840 665 praetura,
858 595 897 638 eo
920 569 1045 662 majore
1067 595 1147 638 cura
1161 569 1251 638 illam

181 621 526 770 administrari,quam
538 677 609 746 haee
617 691 699 772 petr
707 677 835 746 debere..
849 679 967 808 Neque
976 702 1029 746 me
1040 676 1251 770 fallrt‚quan

182 788 273 868 tum,
296 806 373 850 eum
393 807 550 852 maxumo
573 784 735 854 beneficio
759 770 887 853 vestro³
891 786 1035 878 ,negotii
1061 786 1249 852 sustineam.

180 883 309 956 Bellum
322 914 440 984 parare
456 889 551 958 simul
561 905 595 960 et
603 915 719 960 aerarro
734 915 960 986 parcere30
898 915 1018 959 cocere
1030 889 1072 958 ad
1087 889 1251 978 militiam,

182 1017 265 1085 quos
287 995 371 1065 nolis
389 997 577 1084 offendere3
597 997 688 1066 domi
710 998 855 1091 forisque
875 999 987 1065 omnia
1008 1021 1144 1080 curare,
1161 1012 1195 1066 et
1213 1022 1252 1066 ea

182 1121 280 1192 agere
292 1103 377 1171 inter
389 1103 536 1190 invidos,
552 1120 782 1193 occursantes,
797 1104 970 1190 factiosos,
984 1105 1159 1198 opinione,
1174 1105 1253 1192 Qui-

181 1205 277 1295 rites,
290 1211 437 1304 asperius
453 1225 512 1279 est.
531 1211 584 1279 Ad
602 1199 699 1299 hoc⁴,
716 1210 770 1280 alii
789 1213 816 1280 si
835 1209 1021 1305 deliquere,
1042 1225 1137 1279 vetus
1156 1211 1251 1279 nobi-

181 1307 270 1401 litas,
285 1316 450 1408 majorum
466 1316 552 1386 facta
570 1317 683 1404 fortia,
697 1332 915 1412 cognatorum
934 1331 967 1386 et
983 1315 1132 1386 affinium
1152 1341 1253 1410 opes,

183 1417 295 1489 multra
314 1421 492 1512 clienteioe,
512 1427 622 1492 omnia
648 1424 720 1493 haec
742 1423 894 1519 praesidio
920 1423 1059 1493 adsunt:
1079 1423 1160 1491 mihi
1178 1448 1252 1516 spes

181 1549 299 1596 omues
324 1531 359 1596 in
375 1545 498 1598 memet
516 1533 607 1619 sitae,
624 1556 706 1625 quas
724 1555 857 1601 necesse
879 1545 929 1600 est
949 1545 982 1599 et
997 1533 1134 1614 virtute,
1151 1543 1185 1598 et
1202 1532 1251 1597 in-

182 1637 335 1703 nocentia
358 1639 479 1705 tutari:
504 1663 581 1706 nam
603 1636 667 1706 alia
692 1637 823 1706 infirma
844 1652 929 1706 sunt.
957 1641 1001 1706 Et
1024 1636 1103 1705 illud
1125 1636 1251 1705 intelle·

182 1724 254 1832 go⁵‚
268 1741 416 1830 Quirites
433 1797 442 1832 ,
461 1747 610 1813 omnium
632 1769 691 1813 ora
712 1746 746 1813 in
766 1771 820 1813 me
839 1769 1000 1814 conversa
1020 1769 1091 1813 esse
1113 1768 1120 1810 :
1141 1769 1253 1838 aequos

181 1843 353 1942 bonosque
370 1849 500 1939 favere,
517 1843 665 1947 (quippe
683 1851 857 1921 benefacta
872 1876 947 1920 mea
968 1850 1156 1946 reipublicae
1173 1877 1250 1946 pro·

181 2053 257 2108 blicae
275 2059 384 2112 nomine
405 2061 576 2114 continentur·
593 2061 694 2133 patria,
739 2062 810 2133 Ergo
834 2081 868 2114 ne
893 2079 953 2134 apes
976 2062 1033 2114 illas
1059 2080 1250 2133 corrumpam,

180 2133 266 2206 leges,
278 2139 385 2192 libertas
399 2151 426 2193 et
440 2144 500 2232 jura
515 2141 631 2206 civium,
646 2140 693 2194 de·
739 2160 883 2213 earumque
904 2143 1020 2195 fructum
1041 2142 1176 2208 amittam,
1195 2141 1251 2193 vir·

180 2215 263 2285 nique
281 2219 373 2273 civitas
392 2221 498 2285 omniu
515 2233 628 2314 praetura
646 2240 693 2274 au·
738 2234 795 2274 tute
816 2220 882 2273 mihi
904 2234 982 2292 atque
1007 2221 1158 2275 innooeutia
1183 2239 1251 2292 opus

182 2305 235 2346 tem
244 2311 272 2352 et
277 2300 428 2352 consulatus
436 2319 491 2352 uon
498 2301 549 2354 nisi
557 2302 586 2353 in
596 2303 693 2355 horum
737 2314 785 2355 est.
793 2333 833 2344 -
840 2301 906 2354 Nam
915 2303 967 2353 alia
978 2299 1072 2371 orfime
1079 2313 1143 2354 sunt.
1159 2325 1169 2348 ι
1182 2301 1251 2353 Nam

181 2377 308 2444 gratiam,
320 2378 495 2433 conservandi
512 2399 605 2448 eausa,
617 2383 694 2435 insti·
738 2382 835 2434 frustra
851 2399 997 2452 quaererem
1018 2382 1121 2434 fionius
1142 2379 1250 2452 aliquod

183 2465 240 2508 tuta
255 2471 325 2511 suut.
737 2459 905 2532 praesidium,
925 2479 1004 2532 quarn
1025 2461 1152 2514 virtutem
1172 2473 1251 2532 atque

227 2538 253 2591 3.
273 2539 334 2591 Cum
351 2559 462 2591 muoso
479 2539 692 2610 benefieiooestro.
737 2542 925 2594 innocentiam.
946 2569 956 2588 ι
982 2542 1075 2612 Neque
1101 2541 1174 2593 enirn
1199 2541 1251 2594 boe
1303 2551 1306 2560 “

180 2619 345 2675 Beneficium
357 2619 694 2686 vestrum,idest,consu·
738 2640 800 2674 cum
817 2619 977 2692 quibusdam
996 2621 1146 2692 intelligas:
1168 2646 1179 2667 ι
1193 2621 1250 2673 Alia

181 2701 297 2755 latuma
317 2700 393 2752 vobis
409 2697 502 2752 datum
522 2699 693 2772 accipiendo,
738 2701 828 2754 omnia
850 2701 989 2772 praesidia,
1011 2701 1108 2774 quibus
1127 2701 1251 2753 nobilitas

182 2791 312 2854 quammn
327 2779 427 2872 negotii
442 2780 521 2832 simul
540 2799 589 2850 ego
607 2799 693 2834 rusce-
738 2779 872 2846 abundat,
885 2781 953 2834 mibi
974 2781 1048 2834 nulla
1067 2794 1164 2833 sunt.·
1182 2779 1250 2832 Nam

182 2861 284 2934 perim,
295 2877 349 2912 non
361 2878 464 2931 ignoro
475 2861 692 2914 -Occursnmes
738 2860 833 2932 idjam
845 2860 1061 2914 antecedentibus
1074 2873 1136 2913 satis
1148 2859 1251 2912 dietum

157 2937 283 2995 'conam
304 2940 434 3014 nitentes,
448 2953 474 2992 et
495 2941 568 3010 quasi
588 2941 695 2994 obviam
739 2953 786 2993 est.
795 2943 854 2993 Ιιιιο
868 2942 911 2994 hio
925 2941 1039 2993 affirmat
1053 2941 1205 3006 diariusse,
1214 2954 1252 2994 ta·

181 3033 276 3074 euntes
287 3017 406 3085 consult
418 3039 452 3072 ne
468 3019 545 3072 faeiat
560 3018 634 3090 quod
645 3041 695 3074 rer
738 3021 809 3073 libus
826 3019 982 3074 destitutum
997 3020 1141 3088 praesidiis,
1152 3019 1225 3072 ad
1199 3040 1252 3074 vrr-

180 3101 296 3173 publico
308 3100 385 3152 utile
386 3100 428 3152 sit.
440 3129 481 3141 -
491 3099 610 3170 Opinione
626 3121 695 3172 aspe-
740 3113 824 3152 tutem
844 3099 1004 3172 confugere,
1023 3099 1111 3172 quod,
1130 3103 1251 3172 quamvis

182 3186 233 3234 rius
248 3193 292 3232 est.
309 3179 450 3232 Difficilius
467 3192 524 3243 est,
541 3197 621 3250 quam
636 3181 696 3252 quis
739 3181 845 3246 solum,
860 3181 1041 3234 firmissimum
1057 3195 1144 3234 tamen
1160 3183 1251 3252 pressi·

182 3261 317 3333 opinetur.
335 3259 386 3312 Hie
400 3261 535 3331 praecipua
550 3260 616 3312 boni
629 3279 694 3313 con·
739 3259 815 3312 dium
828 3261 879 3314 sibi
893 3275 1020 3331 superest.
1033 3293 1073 3304 --
1088 3261 1144 3313 Alii
1156 3264 1179 3311 sr'
1189 3261 1250 3312 deli·

182 3341 247 3394 aulis
268 3339 356 3393 officia
376 3352 530 3404 enumerat,
552 3351 583 3390 ut
608 3353 696 3411 pateat
740 3360 820 3413 quere.
828 3341 868 3393 Ita
876 3338 1149 3411 CiodeLegeAgrar.
1159 3359 1190 3396 rr,
1200 3342 1249 3393 36:

183 3421 322 3486 omnibns,
337 3437 398 3472 eum
410 3439 465 3471 non
481 3431 580 3494 temere
591 3432 618 3472 et
629 3439 696 3473 vane
744 3445 756 3468 ι
767 3417 1014 3484 Quemadmodum,
1024 3437 1106 3489 quum
1115 3421 1251 3490 petebam,

183 3499 328 3573 eupiditate
347 3500 461 3564 elatum,
478 3518 613 3552 summurn
632 3519 696 3553 cou-
740 3499 807 3552 nulli
819 3517 862 3550 me
872 3497 947 3550 vobis
956 3512 1076 3551 auctores
1084 3499 1187 3568 generis
1198 3501 1249 3551 mei

185 3582 284 3634 tulatus
300 3579 430 3632 honorem
446 3579 616 3632 affectatione.
740 3577 980 3643 commendaram
996 3579 1049 3640 sie,
1064 3579 1087 3630 si
1104 3576 1171 3648 quid
1185 3577 1251 3630 deli-

226 3667 253 3724 4.
270 3659 317 3713 Ad
330 3660 388 3719 boe,
409 3677 492 3730 usque
508 3657 558 3724 ad,
574 3679 630 3711 nam
646 3660 697 3712 alia
740 3677 842 3730 quero,
854 3659 934 3711 nulle,
955 3671 1017 3711 sunt
1036 3659 1177 3728 imagines,
1191 3677 1250 3728 qun

185 3738 278 3810 eufimia
288 3752 352 3792 ruat.
368 3739 419 3793 Hic
428 3738 544 3792 ostendit
556 3758 635 3810 qnam
646 3739 696 3792 sibi
740 3757 784 3792 me
800 3758 815 3791 a
830 3739 906 3792 vobis
921 3737 1108 3810 deprecentur.
1128 3763 1139 3784 ι

184 3838 290 3874 neeesse
305 3820 339 3872 sit
352 3821 452 3872 bonum
468 3837 538 3884 esse,
555 3839 638 3890 quum
653 3839 696 3872 oa·
788 3819 812 3872 5.
841 3820 879 3872 Et
908 3819 970 3870 illud
995 3819 1114 3887 intellego.
1144 3819 1250 3870 Novum

185 3913 240 3954 reat
249 3899 373 3952 omnibus
382 3897 697 3971 praesidiis,qrribusfreti
741 3911 941 3970 argumentum,
959 3918 1007 3951 cur
1029 3917 1133 3951 necesse
1157 3898 1253 3950 babeat

186 3979 289 4032 nobiles
304 3981 414 4050 impune
433 3980 496 4032 mali
512 3991 580 4032 eunt.
605 4005 616 4027 ι
630 3979 697 4032 ttul-
741 3979 909 4032 commissum
935 3997 1032 4031 munus
1055 3980 1122 4031 bene
1143 3995 1251 4048 gerere,

185 4059 239 4128 tas,
251 4054 457 4131 inquit,uisiii1
474 4079 516 4112 rue
531 4078 590 4131 spes
602 4059 696 4112 babeo.
742 4071 773 4112 ut
789 4060 923 4112 bonorum
939 4077 1013 4131 spem
1027 4059 1151 4128 impleat,
1168 4059 1251 4111 malo·

1028 4161 1092 4246 18³
