2910 4666
508 415 800 486 Jueuarna.
1117 419 1192 519 319

128 549 273 646 ponendi
295 549 460 620 licentiam
479 550 556 644 ipsis
576 550 752 644 permittit.
769 547 823 618 Illi
841 563 970 618 mature
991 551 1033 619 ad
1054 549 1193 625 hiberna

126 661 355 728 Romanorum
379 656 662 751 proficiscuntur:
683 655 802 724 deinde
822 657 856 724 in
877 658 993 727 itinere
1014 681 1034 726 a
1057 659 1194 732 Gaetulis

128 763 311 834 latronibus
330 765 546 834 circumventi
562 761 771 858 spoliatique,
785 763 914 858 pavidi,
932 765 1002 834 sine
1013 765 1134 836 decore
1152 768 1194 840 ad

127 870 251 968 Sullam
272 870 488 966 profugiunt3
509 895 606 964 quern
630 868 746 939 consul
769 872 803 938 in
822 869 1063 964 expeditionem
1087 875 1194 968 proli·

128 980 255 1048 ciscens
270 1003 332 1074 pro
346 991 487 1072 praetore
502 976 686 1071 reliquerat.
702 979 769 1046 Eos
781 974 834 1045 ille
849 1002 917 1046 non
930 1002 993 1071 pro
1008 981 1100 1048 vanis
1116 981 1193 1051 hos-

128 1085 238 1171 tibus,
257 1098 294 1152 ut
310 1085 418 1154 meriti
432 1097 544 1171 erant,
562 1083 619 1153 sed
640 1097 795 1154 accurate
815 1107 853 1152 ac
874 1082 1052 1154 liberaliter
1066 1086 1193 1158 habuit

128 1193 208 1282 Qua
225 1216 262 1260 re
286 1191 419 1260 barbari
442 1205 477 1260 et
501 1191 623 1260 famam
643 1191 872 1270 Romanorum
893 1192 1038 1261 avaritie
1060 1191 1194 1284 falsam,

128 1313 161 1368 et
180 1296 325 1385 Sullani,
342 1297 386 1368 ob
408 1297 667 1368 munificentiam
684 1298 719 1365 in
740 1321 824 1385 sese,
844 1300 989 1367 amicum
1011 1301 1083 1368 rati.
1106 1301 1194 1390 Nam

129 1406 230 1474 etiam
251 1391 341 1472 tum⁴
360 1403 490 1500 largitio
512 1403 624 1474 multis
648 1405 762 1498 ignara
786 1403 989 1473 :munificus
1011 1429 1110 1475 nemo
1128 1431 1194 1501 pu·

129 1512 280 1596 tabatur,
296 1512 357 1580 uisi
370 1512 494 1607 pariter
506 1509 620 1580 volens
629 1536 637 1578 :
646 1509 733 1580 dona
745 1511 857 1579 omnia
870 1511 904 1580 in
918 1511 1119 1606 benignitate
1130 1514 1194 1582 ha·

130 1618 304 1687 bebantur.
331 1618 439 1711 Igitur
465 1619 619 1712 quaestori
640 1617 798 1687 mandata
826 1617 950 1688 Bocchi
970 1619 1196 1714 patefaciunt3

130 1721 227 1794 simul
246 1723 287 1793 ab
312 1749 352 1792 eo
370 1738 508 1820 petunt,
533 1726 582 1793 uti
604 1723 714 1793 fautor
736 1722 970 1820 consultorque
995 1726 1054 1794 sibi
1084 1726 1195 1797 adsit:

130 1831 261 1926 copias,
282 1829 405 1918 fidem,
422 1829 681 1926 magnitudinem
700 1832 786 1926 regis
804 1833 875 1920 sui,
893 1846 927 1900 et
944 1829 1026 1921 alia,
1048 1858 1120 1928 quae
1140 1849 1197 1903 aut

131 1935 242 2025 utilia,
261 1951 318 2007 aut
343 1936 594 2010 benevolentiae.
608 1937 808 2026 credebant,
827 1939 977 2007 oratioue
1006 1939 1195 2008 extollunt:

130 2043 208 2112 dein
225 2041 316 2114 Sulla
330 2045 441 2112 omnia
454 2044 618 2139 pollicito,
629 2043 735 2132 docti,
745 2069 811 2138 quo
824 2044 924 2114 modo
938 2045 1027 2140 apud
1036 2047 1196 2134 Marium,

128 2151 209 2220 item
230 2150 319 2245 apud
341 2165 489 2220 senatum
505 2151 608 2220 verba
628 2149 791 2239 facerent,
811 2151 942 2221 circiter
956 2150 1025 2220 dies
1043 2153 1108 2220 XL
1136 2151 1196 2220 ibi·

128 2255 205 2326 dem
228 2259 454 2352 opperiuntur.

184 2365 276 2433 CIV.
305 2365 431 2432 Marius
449 2378 625 2458 postquam
644 2362 782 2452 infectu,
796 2385 863 2458 quo
878 2364 1080 2453 intenderat,
1096 2389 1197 2460 nego·

136 2556 194 2610 Sine
212 2555 303 2609 deuon.
323 2555 425 2610 Eodem
440 2573 533 2624 sensu,
548 2575 602 2628 quo
613 2554 647 2608 de
690 2573 732 2608 res
746 2555 831 2627 carpit
846 2555 942 2609 obiter.
956 2574 998 2598 -‘
1012 2557 1132 2627 Largs'ob.
1149 2555 1198 2610 Illa

17 2662 22 2673 ·
134 2635 450 2709 Jugurthadixit,eontra
459 2637 529 2688 deeras
539 2639 645 2706 regim,
691 2635 789 2689 scilieet
804 2653 856 2708 qua
869 2636 1023 2690 ambitiosus
1036 2637 1117 2690 homo
1130 2649 1198 2690 cete·

134 2719 200 2770 atu
218 2736 289 2789 quam
307 2737 414 2769 mune
433 2715 573 2782 ηιὶεενιόἰὶἱ,
588 2733 646 2788 sup.
690 2731 735 2768 ros
750 2733 920 2788 corrumpere
935 2714 1032 2770 studet.
1042 2749 1082 2760 -
1097 2717 1197 2787 Ignara.

135 2797 269 2850 xxxffl.
278 2827 319 2840 --
333 2797 380 2850 Ad
393 2797 485 2850 Sullam
495 2797 646 2868 profugiunt.
690 2797 829 2867 Ignorata;
841 2809 871 2848 ut
879 2797 985 2868 passim.
996 2795 1054 2850 Hoc
1063 2815 1124 2850 carm
1135 2798 1200 2850 Cor·

136 2876 269 2943 Quidni,
278 2880 435 2948 perfugam
449 2877 548 2942 nostri,
560 2878 648 2948 profir-
690 2877 730 2929 tio
744 2875 881 2942 dedimus,
896 2877 1058 2931 variantibus
1072 2877 1146 2931 MSS.
1161 2878 1201 2930 in·

135 2961 216 3026 girat.
233 2955 346 3010 Advorte
358 2957 518 3028 singularem
534 2957 648 3010 fortune
691 2969 732 3009 ter
746 2960 829 3026 gaieta
840 2969 866 3009 et
880 2961 1001 3028 ignoretur.
1012 2989 1051 3000 -
1064 2957 1122 3012 Nisi
1130 2961 1200 3028 pars*-

138 3055 311 3108 oasum,quae
318 3039 403 3096 voluit
418 3037 533 3091 Marium
545 3038 648 3101 abesse,
693 3047 730 3086 ter
744 3037 836 3089 volens.
856 3037 930 3104 Nisi,
949 3037 1077 3090 beneficia
1097 3035 1201 3103 dando,

137 3135 223 3188 quum
234 3129 364 3170 venerunt
376 3119 471 3188 legati3
485 3129 515 3170 ut
528 3117 553 3169 ei
568 3115 650 3189 perfl·
693 3115 812 3169 animum
827 3135 933 3190 quoque
947 3117 1107 3171 benevolum
1121 3118 1202 3170 habe·

138 3195 228 3250 ciendi
241 3197 303 3249 belli
319 3195 413 3262 decus,
430 3195 503 3268 quod
518 3197 574 3268 ipse
591 3195 649 3247 Me·
692 3207 742 3249 ret.
758 3227 797 3238 --
820 3197 894 3248 Dona
914 3201 993 3249 omnia
1013 3201 1038 3248 in
1058 3197 1203 3268 berussfflsirat'e

138 3277 202 3329 tello
223 3277 365 3348 preripere
383 3277 521 3340 soluerat,
543 3293 558 3328 s
579 3274 651 3346 Sylla
694 3275 848 3328 debehatur.
876 3277 952 3329 Dona
980 3295 1012 3328 ex
1041 3277 1203 3347 benignitate

138 3357 336 3426 preriperetur.
346 3389 388 3400 -
400 3359 451 3408 Pro
462 3367 575 3426 pretore.
581 3353 651 3406 Vide
693 3354 827 3426 proficisci
837 3357 1013 3426 putabantur,
1023 3369 1203 3427 contraquam

140 3455 200 3508 sup.
217 3435 405 3502 xxxvn,n.
418 3455 443 3490 a.
456 3437 588 3488 Pmounis
600 3435 652 3486 los·
694 3451 766 3487 nunc
788 3433 886 3487 dantur
903 3453 954 3506 pro
973 3433 1061 3487 dantis
1080 3435 1202 3488 utilitate.

142 3517 214 3568 tibio.
222 3515 362 3587 Tanquam
373 3516 461 3570 hostes
471 3515 568 3588 quibus
579 3514 652 3566 nulla
695 3545 735 3558 --
744 3513 799 3566 Aut
811 3515 880 3566 rstr'ls'a
892 3527 935 3566 aus
950 3515 1139 3568 tenevotenstoe..
1150 3516 1204 3566 Aut

142 3595 209 3649 fides
221 3595 343 3649 habenda
351 3597 392 3649 sit.
400 3627 441 3640 -
452 3595 651 3649 Utmerits'erant.
695 3593 894 3665 utilitatisspern
900 3592 1204 3658 Romanisostendentia,

141 3673 652 3742 QuindeBoeehttneonstmttarescive-
696 3685 742 3726 aut
758 3673 929 3728 conciliandas
949 3676 1005 3748 regi
1023 3693 1071 3728 suo
1089 3675 1204 3726 benevo-

142 3769 184 3809 rat
193 3755 279 3828 Syllam
290 3775 370 3826 quam
381 3757 485 3809 novisse
497 3767 601 3828 poterat
611 3753 654 3807 vel
695 3755 784 3806 lentio
796 3751 899 3808 idonea.
917 3779 928 3802 ι
945 3753 1020 3808 Hanc
1035 3767 1104 3807 amat
1120 3765 1204 3806 struc-

142 3855 176 3888 ex
190 3833 500 3908 longotempore,quod
510 3853 587 3888 suum
598 3835 653 3886 ool·
698 3847 785 3886 turam
810 3837 955 3888 verborum
977 3835 1121 3888 Sallustius.
1135 3829 1206 3886 Vide

142 3915 267 3986 loquium
277 3915 347 3970 inter
361 3927 387 3969 et
400 3917 492 3969 missos
504 3916 602 3986 legatos
612 3915 653 3966 in·
698 3931 756 3986 sup.
769 3915 958 3970 LXXXVIII:
972 3915 1057 3980 «Quae
1066 3925 1206 3986 postquam

23 3996 28 4011 '
144 4007 305 4050 wrcesoent.
696 3995 803 4063 gloriosa
816 3995 913 4063 modo,
925 4013 1011 4066 neque
1025 3995 1082 4048 belli
1090 3993 1208 4068 paneadi

187 4081 215 4138 al.
228 4077 375 4131 Numerum
385 4088 441 4128 tum.
452 4073 500 4127 sni
509 4075 590 4130 secuti
600 4091 655 4126 mo·
698 4075 830 4144 cognovit.
845 4102 856 4122 a
