<?xml version="1.0" encoding="UTF-8"?>
<!DOCTYPE html PUBLIC "-//W3C//DTD XHTML 1.0 Transitional//EN"
    "http://www.w3.org/TR/xhtml1/DTD/xhtml1-transitional.dtd">
<html xmlns="http://www.w3.org/1999/xhtml" xml:lang="en" lang="en">
 <head>
  <title>
</title>
<meta http-equiv="Content-Type" content="text/html;charset=utf-8" />
  <meta name='ocr-system' content='tesseract 3.04.00' />
  <meta name='ocr-capabilities' content='ocr_page ocr_carea ocr_par ocr_line ocrx_word'/>
</head>
<body>
  <div class='ocr_page' id='page_1' title='image "./caiuscrispussal01sallgoog_0433.png"; bbox 0 0 2910 4666; ppageno 0'>
   <div class='ocr_carea' id='block_1_1' title="bbox 508 330 1207 411">
    <p class='ocr_par' dir='ltr' id='par_1_1' title="bbox 508 330 1207 411">
     <span class='ocr_line' id='line_1_1' title="bbox 508 330 1207 411; baseline 0.01 -7"><span class='ocrx_word' id='word_1_1' title='bbox 508 337 848 406; x_wconf 82' lang='lat' dir='ltr'><strong>FRAGMENTA.</strong></span> <span class='ocrx_word' id='word_1_2' title='bbox 1134 330 1207 411; x_wconf 78' lang='lat'><strong>365</strong></span> 
     </span>
    </p>
   </div>
   <div class='ocr_carea' id='block_1_2' title="bbox 142 467 1306 1736">
    <p class='ocr_par' dir='ltr' id='par_1_2' title="bbox 142 467 1306 1736">
     <span class='ocr_line' id='line_1_2' title="bbox 146 467 1210 564; baseline -0.001 -21"><span class='ocrx_word' id='word_1_3' title='bbox 146 470 335 543; x_wconf 82' lang='lat' dir='ltr'><strong>concordiae</strong></span> <span class='ocrx_word' id='word_1_4' title='bbox 344 469 450 564; x_wconf 82' lang='lat' dir='ltr'><strong>gratia</strong></span> <span class='ocrx_word' id='word_1_5' title='bbox 462 467 569 564; x_wconf 88' lang='lat' dir='ltr'><strong>plebei</strong></span> <span class='ocrx_word' id='word_1_6' title='bbox 582 468 792 538; x_wconf 86' lang='lat' dir='ltr'><strong>tribuniciam</strong></span> <span class='ocrx_word' id='word_1_7' title='bbox 808 481 1004 564; x_wconf 84' lang='lat' dir='ltr'><strong>potestatem</strong></span> <span class='ocrx_word' id='word_1_8' title='bbox 1014 471 1156 560; x_wconf 90' lang='lat' dir='ltr'><strong>restitui;</strong></span> <span class='ocrx_word' id='word_1_9' title='bbox 1169 499 1210 542; x_wconf 84' lang='lat' dir='ltr'><strong>ex</strong></span> 
     </span>
     <span class='ocr_line' id='line_1_3' title="bbox 145 574 1209 674; baseline 0.002 -28"><span class='ocrx_word' id='word_1_10' title='bbox 145 603 213 674; x_wconf 91' lang='lat' dir='ltr'><strong>qua</strong></span> <span class='ocrx_word' id='word_1_11' title='bbox 226 601 342 647; x_wconf 89' lang='lat' dir='ltr'><strong>omnes</strong></span> <span class='ocrx_word' id='word_1_12' title='bbox 357 574 527 645; x_wconf 77' lang='lat' dir='ltr'><strong>discordiae</strong></span> <span class='ocrx_word' id='word_1_13' title='bbox 540 599 694 646; x_wconf 73' lang='lat' dir='ltr'><strong>accensae.</strong></span> <span class='ocrx_word' id='word_1_14' title='bbox 707 577 861 646; x_wconf 89' lang='lat' dir='ltr'><strong>Pessume</strong></span> <span class='ocrx_word' id='word_1_15' title='bbox 878 577 1027 644; x_wconf 91' lang='lat' dir='ltr'><strong>omnium</strong></span> <span class='ocrx_word' id='word_1_16' title='bbox 1039 591 1137 672; x_wconf 87' lang='lat' dir='ltr'><strong>atque</strong></span> <span class='ocrx_word' id='word_1_17' title='bbox 1150 581 1209 648; x_wconf 91' lang='lat' dir='ltr'><strong>im·</strong></span> 
     </span>
     <span class='ocr_line' id='line_1_4' title="bbox 142 680 1210 780; baseline 0.001 -27"><span class='ocrx_word' id='word_1_18' title='bbox 142 684 410 780; x_wconf 87' lang='lat' dir='ltr'><strong>pudentissumc,</strong></span> <span class='ocrx_word' id='word_1_19' title='bbox 429 681 530 750; x_wconf 86' lang='lat' dir='ltr'><strong>tibine.</strong></span> <span class='ocrx_word' id='word_1_20' title='bbox 544 695 671 776; x_wconf 77' lang='lat' dir='ltr'><strong>egestas</strong></span> <span class='ocrx_word' id='word_1_21' title='bbox 687 683 825 768; x_wconf 90' lang='lat' dir='ltr'><strong>civium,</strong></span> <span class='ocrx_word' id='word_1_22' title='bbox 843 680 1000 752; x_wconf 90' lang='lat' dir='ltr'><strong>etluctus</strong></span> <span class='ocrx_word' id='word_1_23' title='bbox 1013 708 1101 752; x_wconf 87' lang='lat' dir='ltr'><strong>curae</strong></span> <span class='ocrx_word' id='word_1_24' title='bbox 1115 699 1210 770; x_wconf 82' lang='lat' dir='ltr'><strong>suut,</strong></span> 
     </span>
     <span class='ocr_line' id='line_1_5' title="bbox 147 787 1211 884; baseline -0.001 -25"><span class='ocrx_word' id='word_1_25' title='bbox 147 792 202 860; x_wconf 92' lang='lat' dir='ltr'><strong>cui</strong></span> <span class='ocrx_word' id='word_1_26' title='bbox 220 789 300 858; x_wconf 91' lang='lat' dir='ltr'><strong>nihil</strong></span> <span class='ocrx_word' id='word_1_27' title='bbox 321 803 371 858; x_wconf 90' lang='lat' dir='ltr'><strong>est</strong></span> <span class='ocrx_word' id='word_1_28' title='bbox 388 787 496 875; x_wconf 90' lang='lat' dir='ltr'><strong>domi,</strong></span> <span class='ocrx_word' id='word_1_29' title='bbox 511 787 574 857; x_wconf 92' lang='lat' dir='ltr'><strong>nisi</strong></span> <span class='ocrx_word' id='word_1_30' title='bbox 591 789 690 860; x_wconf 69' lang='lat' dir='ltr'><strong>amis</strong></span> <span class='ocrx_word' id='word_1_31' title='bbox 706 802 858 883; x_wconf 85' lang='lat' dir='ltr'><strong>partum,</strong></span> <span class='ocrx_word' id='word_1_32' title='bbox 879 803 937 857; x_wconf 87' lang='lat' dir='ltr'><strong>aut</strong></span> <span class='ocrx_word' id='word_1_33' title='bbox 954 811 1014 884; x_wconf 90' lang='lat' dir='ltr'><strong>per</strong></span> <span class='ocrx_word' id='word_1_34' title='bbox 1033 789 1211 884; x_wconf 80' lang='lat' dir='ltr'><strong>injuriam?</strong></span> 
     </span>
     <span class='ocr_line' id='line_1_6' title="bbox 146 882 1209 990; baseline 0.002 -26"><span class='ocrx_word' id='word_1_35' title='bbox 146 893 297 966; x_wconf 82' lang='lat' dir='ltr'><strong>Alterum</strong></span> <span class='ocrx_word' id='word_1_36' title='bbox 305 893 516 966; x_wconf 88' lang='lat' dir='ltr'><strong>consulatum</strong></span> <span class='ocrx_word' id='word_1_37' title='bbox 525 895 625 990; x_wconf 81' lang='lat' dir='ltr'><strong>petis3</strong></span> <span class='ocrx_word' id='word_1_38' title='bbox 635 896 727 988; x_wconf 86' lang='lat' dir='ltr'><strong>quasi</strong></span> <span class='ocrx_word' id='word_1_39' title='bbox 737 896 880 988; x_wconf 91' lang='lat' dir='ltr'><strong>primum</strong></span> <span class='ocrx_word' id='word_1_40' title='bbox 893 882 1112 964; x_wconf 86' lang='lat' dir='ltr'><strong>reddideris¹⁵:</strong></span> <span class='ocrx_word' id='word_1_41' title='bbox 1123 896 1209 966; x_wconf 89' lang='lat' dir='ltr'><strong>bello</strong></span> 
     </span>
     <span class='ocr_line' id='line_1_7' title="bbox 146 1000 1209 1098; baseline 0.001 -27"><span class='ocrx_word' id='word_1_42' title='bbox 146 1001 360 1072; x_wconf 84' lang='lat' dir='ltr'><strong>concordiam</strong></span> <span class='ocrx_word' id='word_1_43' title='bbox 388 1001 527 1094; x_wconf 83' lang='lat' dir='ltr'><strong>quaeris;</strong></span> <span class='ocrx_word' id='word_1_44' title='bbox 550 1025 616 1095; x_wconf 92' lang='lat' dir='ltr'><strong>quo</strong></span> <span class='ocrx_word' id='word_1_45' title='bbox 641 1015 737 1096; x_wconf 87' lang='lat' dir='ltr'><strong>parta</strong></span> <span class='ocrx_word' id='word_1_46' title='bbox 760 1000 981 1088; x_wconf 63' lang='lat' dir='ltr'><strong>disturbatum</strong></span> <span class='ocrx_word' id='word_1_47' title='bbox 1009 1005 1111 1071; x_wconf 86' lang='lat' dir='ltr'><strong>nostri</strong></span> <span class='ocrx_word' id='word_1_48' title='bbox 1132 1029 1209 1098; x_wconf 93' lang='lat' dir='ltr'><strong>pro·</strong></span> 
     </span>
     <span class='ocr_line' id='line_1_8' title="bbox 145 1106 1209 1203; baseline 0.001 -27"><span class='ocrx_word' id='word_1_49' title='bbox 145 1106 253 1196; x_wconf 87' lang='lat' dir='ltr'><strong>ditor,</strong></span> <span class='ocrx_word' id='word_1_50' title='bbox 266 1109 336 1178; x_wconf 89' lang='lat' dir='ltr'><strong>istis</strong></span> <span class='ocrx_word' id='word_1_51' title='bbox 355 1106 493 1194; x_wconf 89' lang='lat' dir='ltr'><strong>infidus,</strong></span> <span class='ocrx_word' id='word_1_52' title='bbox 508 1106 613 1183; x_wconf 85' lang='lat' dir='ltr'><strong>hostis</strong></span> <span class='ocrx_word' id='word_1_53' title='bbox 626 1109 777 1178; x_wconf 89' lang='lat' dir='ltr'><strong>omnium</strong></span> <span class='ocrx_word' id='word_1_54' title='bbox 792 1106 967 1176; x_wconf 92' lang='lat' dir='ltr'><strong>bonorum.</strong></span> <span class='ocrx_word' id='word_1_55' title='bbox 985 1110 1035 1176; x_wconf 93' lang='lat' dir='ltr'><strong>Ut</strong></span> <span class='ocrx_word' id='word_1_56' title='bbox 1052 1123 1084 1176; x_wconf 88' lang='lat' dir='ltr'><strong>te</strong></span> <span class='ocrx_word' id='word_1_57' title='bbox 1101 1134 1209 1203; x_wconf 91' lang='lat' dir='ltr'><strong>neque</strong></span> 
     </span>
     <span class='ocr_line' id='line_1_9' title="bbox 144 1211 1210 1308; baseline 0.002 -26"><span class='ocrx_word' id='word_1_58' title='bbox 144 1215 340 1300; x_wconf 88' lang='lat' dir='ltr'><strong>hominum,</strong></span> <span class='ocrx_word' id='word_1_59' title='bbox 364 1237 470 1306; x_wconf 90' lang='lat' dir='ltr'><strong>neque</strong></span> <span class='ocrx_word' id='word_1_60' title='bbox 492 1211 649 1300; x_wconf 88' lang='lat' dir='ltr'><strong>deorum,</strong></span> <span class='ocrx_word' id='word_1_61' title='bbox 672 1213 790 1308; x_wconf 92' lang='lat' dir='ltr'><strong>pudet,</strong></span> <span class='ocrx_word' id='word_1_62' title='bbox 815 1237 898 1306; x_wconf 89' lang='lat' dir='ltr'><strong>quos</strong></span> <span class='ocrx_word' id='word_1_63' title='bbox 924 1212 1129 1307; x_wconf 88' lang='lat' dir='ltr'><strong>perfidem,</strong></span> <span class='ocrx_word' id='word_1_64' title='bbox 1152 1231 1210 1284; x_wconf 86' lang='lat' dir='ltr'><strong>aut</strong></span> 
     </span>
     <span class='ocr_line' id='line_1_10' title="bbox 146 1314 1207 1415; baseline 0.002 -27"><span class='ocrx_word' id='word_1_65' title='bbox 146 1321 293 1415; x_wconf 87' lang='lat' dir='ltr'><strong>perjurio</strong></span> <span class='ocrx_word' id='word_1_66' title='bbox 315 1314 458 1388; x_wconf 85' lang='lat' dir='ltr'><strong>violasti!</strong></span> <span class='ocrx_word' id='word_1_67' title='bbox 481 1319 565 1407; x_wconf 92' lang='lat' dir='ltr'><strong>Qui,</strong></span> <span class='ocrx_word' id='word_1_68' title='bbox 592 1317 725 1414; x_wconf 88' lang='lat' dir='ltr'><strong>quando</strong></span> <span class='ocrx_word' id='word_1_69' title='bbox 751 1318 823 1388; x_wconf 89' lang='lat' dir='ltr'><strong>talis</strong></span> <span class='ocrx_word' id='word_1_70' title='bbox 844 1344 896 1406; x_wconf 89' lang='lat' dir='ltr'><strong>es,</strong></span> <span class='ocrx_word' id='word_1_71' title='bbox 923 1343 1056 1389; x_wconf 86' lang='lat' dir='ltr'><strong>maneas</strong></span> <span class='ocrx_word' id='word_1_72' title='bbox 1077 1321 1110 1388; x_wconf 87' lang='lat' dir='ltr'><strong>in</strong></span> <span class='ocrx_word' id='word_1_73' title='bbox 1133 1346 1207 1392; x_wconf 87' lang='lat' dir='ltr'><strong>sen·</strong></span> 
     </span>
     <span class='ocr_line' id='line_1_11' title="bbox 144 1425 1208 1519; baseline 0 -25"><span class='ocrx_word' id='word_1_74' title='bbox 144 1427 250 1495; x_wconf 83' lang='lat' dir='ltr'><strong>tentia</strong></span> <span class='ocrx_word' id='word_1_75' title='bbox 271 1442 305 1495; x_wconf 89' lang='lat' dir='ltr'><strong>et</strong></span> <span class='ocrx_word' id='word_1_76' title='bbox 326 1426 467 1495; x_wconf 80' lang='lat' dir='ltr'><strong>retineas</strong></span> <span class='ocrx_word' id='word_1_77' title='bbox 484 1449 592 1512; x_wconf 84' lang='lat' dir='ltr'><strong>anna,</strong></span> <span class='ocrx_word' id='word_1_78' title='bbox 611 1439 644 1494; x_wconf 90' lang='lat' dir='ltr'><strong>te</strong></span> <span class='ocrx_word' id='word_1_79' title='bbox 658 1425 799 1496; x_wconf 92' lang='lat' dir='ltr'><strong>hortor:</strong></span> <span class='ocrx_word' id='word_1_80' title='bbox 819 1451 885 1494; x_wconf 88' lang='lat' dir='ltr'><strong>neu</strong></span> <span class='ocrx_word' id='word_1_81' title='bbox 903 1425 1105 1519; x_wconf 87' lang='lat' dir='ltr'><strong>prolatandis</strong></span> <span class='ocrx_word' id='word_1_82' title='bbox 1125 1427 1208 1496; x_wconf 88' lang='lat' dir='ltr'><strong>sedi·</strong></span> 
     </span>
     <span class='ocr_line' id='line_1_12' title="bbox 145 1530 1209 1628; baseline 0.003 -27"><span class='ocrx_word' id='word_1_83' title='bbox 145 1531 291 1602; x_wconf 89' lang='lat' dir='ltr'><strong>tionibus</strong></span> <span class='ocrx_word' id='word_1_84' title='bbox 307 1532 433 1625; x_wconf 91' lang='lat' dir='ltr'><strong>inquies</strong></span> <span class='ocrx_word' id='word_1_85' title='bbox 454 1531 541 1626; x_wconf 89' lang='lat' dir='ltr'><strong>ipse,</strong></span> <span class='ocrx_word' id='word_1_86' title='bbox 559 1556 621 1600; x_wconf 90' lang='lat' dir='ltr'><strong>nos</strong></span> <span class='ocrx_word' id='word_1_87' title='bbox 638 1533 671 1600; x_wconf 88' lang='lat' dir='ltr'><strong>iu</strong></span> <span class='ocrx_word' id='word_1_88' title='bbox 693 1530 912 1601; x_wconf 88' lang='lat' dir='ltr'><strong>sollicitudine</strong></span> <span class='ocrx_word' id='word_1_89' title='bbox 928 1534 1074 1602; x_wconf 86' lang='lat' dir='ltr'><strong>attineas.</strong></span> <span class='ocrx_word' id='word_1_90' title='bbox 1091 1535 1209 1628; x_wconf 82' lang='lat' dir='ltr'><strong>Neque</strong></span> 
     </span>
     <span class='ocr_line' id='line_1_13' title="bbox 145 1636 1306 1736; baseline 0.003 -29"><span class='ocrx_word' id='word_1_91' title='bbox 145 1654 181 1707; x_wconf 89' lang='lat' dir='ltr'><strong>te</strong></span> <span class='ocrx_word' id='word_1_92' title='bbox 202 1639 403 1733; x_wconf 78' lang='lat' dir='ltr'><strong>provincia,</strong></span> <span class='ocrx_word' id='word_1_93' title='bbox 423 1661 530 1732; x_wconf 83' lang='lat' dir='ltr'><strong>neque</strong></span> <span class='ocrx_word' id='word_1_94' title='bbox 549 1636 660 1732; x_wconf 82' lang='lat' dir='ltr'><strong>leges,</strong></span> <span class='ocrx_word' id='word_1_95' title='bbox 679 1661 786 1732; x_wconf 86' lang='lat' dir='ltr'><strong>neque</strong></span> <span class='ocrx_word' id='word_1_96' title='bbox 805 1639 849 1708; x_wconf 92' lang='lat' dir='ltr'><strong>dii</strong></span> <span class='ocrx_word' id='word_1_97' title='bbox 870 1653 1005 1732; x_wconf 87' lang='lat' dir='ltr'><strong>penates</strong></span> <span class='ocrx_word' id='word_1_98' title='bbox 1026 1641 1130 1708; x_wconf 90' lang='lat' dir='ltr'><strong>civem</strong></span> <span class='ocrx_word' id='word_1_99' title='bbox 1151 1665 1208 1736; x_wconf 89' lang='lat' dir='ltr'><strong>pa·</strong></span> <span class='ocrx_word' id='word_1_100' title='bbox 1303 1721 1306 1730; x_wconf 45' lang='grc'><strong>,</strong></span> 
     </span>
    </p>
   </div>
   <div class='ocr_carea' id='block_1_3' title="bbox 139 1839 1207 4070">
    <p class='ocr_par' dir='ltr' id='par_1_3' title="bbox 139 1839 1207 4070">
     <span class='ocr_line' id='line_1_14' title="bbox 142 1839 1206 1914; baseline 0.004 -21"><span class='ocrx_word' id='word_1_101' title='bbox 142 1839 269 1912; x_wconf 84' lang='lat' dir='ltr'><strong>quidem,</strong></span> <span class='ocrx_word' id='word_1_102' title='bbox 285 1859 317 1894; x_wconf 88' lang='lat' dir='ltr'><strong>ex</strong></span> <span class='ocrx_word' id='word_1_103' title='bbox 332 1840 459 1906; x_wconf 86' lang='lat' dir='ltr'><strong>historia,</strong></span> <span class='ocrx_word' id='word_1_104' title='bbox 480 1859 574 1894; x_wconf 83' lang='lat' dir='ltr'><strong>verum</strong></span> <span class='ocrx_word' id='word_1_105' title='bbox 597 1853 653 1907; x_wconf 84' lang='lat' dir='ltr'><strong>est;</strong></span> <span class='ocrx_word' id='word_1_106' title='bbox 698 1839 762 1894; x_wconf 85' lang='lat' dir='ltr'><strong>dera</strong></span> <span class='ocrx_word' id='word_1_107' title='bbox 774 1853 862 1894; x_wconf 86' lang='lat' dir='ltr'><strong>sancta</strong></span> <span class='ocrx_word' id='word_1_108' title='bbox 873 1861 929 1895; x_wconf 83' lang='lat' dir='ltr'><strong>esse</strong></span> <span class='ocrx_word' id='word_1_109' title='bbox 937 1841 1008 1914; x_wconf 86' lang='lat' dir='ltr'><strong>apud</strong></span> <span class='ocrx_word' id='word_1_110' title='bbox 1018 1861 1062 1896; x_wconf 88' lang='lat' dir='ltr'><strong>eos</strong></span> <span class='ocrx_word' id='word_1_111' title='bbox 1072 1839 1206 1912; x_wconf 78' lang='lat' dir='ltr'><strong>homines,</strong></span> 
     </span>
     <span class='ocr_line' id='line_1_15' title="bbox 143 1919 1205 1993; baseline 0.001 -19"><span class='ocrx_word' id='word_1_112' title='bbox 143 1921 291 1992; x_wconf 77' lang='lat' dir='ltr'><strong>posterius,</strong></span> <span class='ocrx_word' id='word_1_113' title='bbox 310 1919 461 1974; x_wconf 81' lang='lat' dir='ltr'><strong>verisimile.</strong></span> <span class='ocrx_word' id='word_1_114' title='bbox 482 1919 587 1985; x_wconf 87' lang='lat' dir='ltr'><strong>Quibus</strong></span> <span class='ocrx_word' id='word_1_115' title='bbox 609 1939 654 1972; x_wconf 84' lang='lat' dir='ltr'><strong>ex·</strong></span> <span class='ocrx_word' id='word_1_116' title='bbox 698 1919 770 1993; x_wconf 91' lang='lat' dir='ltr'><strong>apud</strong></span> <span class='ocrx_word' id='word_1_117' title='bbox 784 1922 864 1992; x_wconf 89' lang='lat' dir='ltr'><strong>quos&#39;,</strong></span> <span class='ocrx_word' id='word_1_118' title='bbox 874 1925 948 1992; x_wconf 70' lang='lat' dir='ltr'><strong>justa</strong></span> <span class='ocrx_word' id='word_1_119' title='bbox 960 1923 1054 1980; x_wconf 70' lang='lat' dir='ltr'><strong>divitias</strong></span> <span class='ocrx_word' id='word_1_120' title='bbox 1067 1924 1205 1992; x_wconf 66' lang='lat' dir='ltr'><strong>religiones,</strong></span> 
     </span>
     <span class='ocr_line' id='line_1_16' title="bbox 143 1998 1207 2072; baseline 0.002 -20"><span class='ocrx_word' id='word_1_121' title='bbox 143 2000 257 2072; x_wconf 85' lang='lat' dir='ltr'><strong>positis,</strong></span> <span class='ocrx_word' id='word_1_122' title='bbox 271 2019 328 2054; x_wconf 81' lang='lat' dir='ltr'><strong>rem</strong></span> <span class='ocrx_word' id='word_1_123' title='bbox 342 2001 392 2053; x_wconf 88' lang='lat' dir='ltr'><strong>sub</strong></span> <span class='ocrx_word' id='word_1_124' title='bbox 409 1998 499 2072; x_wconf 88' lang='lat' dir='ltr'><strong>judice</strong></span> <span class='ocrx_word' id='word_1_125' title='bbox 516 2000 654 2070; x_wconf 87' lang='lat' dir='ltr'><strong>relinquo;</strong></span> <span class='ocrx_word' id='word_1_126' title='bbox 691 1999 756 2069; x_wconf 75' lang='lat' dir='ltr'><strong>fides</strong></span> <span class='ocrx_word' id='word_1_127' title='bbox 774 2002 879 2052; x_wconf 80' lang='lat' dir='ltr'><strong>humana</strong></span> <span class='ocrx_word' id='word_1_128' title='bbox 899 2001 1004 2054; x_wconf 88' lang='lat' dir='ltr'><strong>colitur.</strong></span> <span class='ocrx_word' id='word_1_129' title='bbox 1021 2027 1032 2048; x_wconf 75' lang='grc' dir='ltr'><strong>ι</strong></span> <span class='ocrx_word' id='word_1_130' title='bbox 1050 2001 1104 2054; x_wconf 87' lang='lat' dir='ltr'><strong>Ubi</strong></span> <span class='ocrx_word' id='word_1_131' title='bbox 1122 2003 1207 2072; x_wconf 58' lang='lat' dir='ltr'><strong>relr&#39;ffio</strong></span> 
     </span>
     <span class='ocr_line' id='line_1_17' title="bbox 141 2077 1205 2152; baseline 0.002 -20"><span class='ocrx_word' id='word_1_132' title='bbox 141 2091 218 2132; x_wconf 84' lang='lat' dir='ltr'><strong>ratus</strong></span> <span class='ocrx_word' id='word_1_133' title='bbox 238 2092 325 2134; x_wconf 84' lang='lat' dir='ltr'><strong>tamen</strong></span> <span class='ocrx_word' id='word_1_134' title='bbox 340 2080 473 2150; x_wconf 87' lang='lat' dir='ltr'><strong>potiorem</strong></span> <span class='ocrx_word' id='word_1_135' title='bbox 493 2095 548 2132; x_wconf 83' lang='lat' dir='ltr'><strong>esse</strong></span> <span class='ocrx_word' id='word_1_136' title='bbox 563 2079 654 2132; x_wconf 88' lang='lat' dir='ltr'><strong>lectio·</strong></span> <span class='ocrx_word' id='word_1_137' title='bbox 697 2079 795 2133; x_wconf 87' lang='lat' dir='ltr'><strong>dicitur</strong></span> <span class='ocrx_word' id='word_1_138' title='bbox 810 2078 844 2132; x_wconf 87' lang='lat' dir='ltr'><strong>de</strong></span> <span class='ocrx_word' id='word_1_139' title='bbox 861 2077 960 2134; x_wconf 84' lang='lat' dir='ltr'><strong>foedere</strong></span> <span class='ocrx_word' id='word_1_140' title='bbox 974 2099 1022 2152; x_wconf 86' lang='lat' dir='ltr'><strong>per</strong></span> <span class='ocrx_word' id='word_1_141' title='bbox 1035 2083 1205 2152; x_wconf 79' lang='lat' dir='ltr'><strong>jusjurandum</strong></span> 
     </span>
     <span class='ocr_line' id='line_1_18' title="bbox 142 2157 1206 2233; baseline 0.002 -21"><span class='ocrx_word' id='word_1_142' title='bbox 142 2178 223 2224; x_wconf 80' lang='lat' dir='ltr'><strong>uem,</strong></span> <span class='ocrx_word' id='word_1_143' title='bbox 234 2177 294 2231; x_wconf 75' lang='lat' dir='ltr'><strong>quar</strong></span> <span class='ocrx_word' id='word_1_144' title='bbox 305 2157 384 2214; x_wconf 82' lang='lat' dir='ltr'><strong>codd.</strong></span> <span class='ocrx_word' id='word_1_145' title='bbox 400 2172 426 2212; x_wconf 86' lang='lat' dir='ltr'><strong>et</strong></span> <span class='ocrx_word' id='word_1_146' title='bbox 438 2158 548 2212; x_wconf 76' lang='lat' dir='ltr'><strong>Venetis</strong></span> <span class='ocrx_word' id='word_1_147' title='bbox 560 2158 654 2229; x_wconf 86' lang='lat' dir='ltr'><strong>primis</strong></span> <span class='ocrx_word' id='word_1_148' title='bbox 696 2159 766 2212; x_wconf 83' lang='lat' dir='ltr'><strong>sacto</strong></span> <span class='ocrx_word' id='word_1_149' title='bbox 777 2179 784 2224; x_wconf 73' lang='lat'>3</span> <span class='ocrx_word' id='word_1_150' title='bbox 792 2157 873 2228; x_wconf 68' lang='lat' dir='ltr'><strong>salies,</strong></span> <span class='ocrx_word' id='word_1_151' title='bbox 888 2157 922 2212; x_wconf 91' lang='lat' dir='ltr'><strong>de</strong></span> <span class='ocrx_word' id='word_1_152' title='bbox 936 2161 1077 2230; x_wconf 79' lang='lat' dir='ltr'><strong>sponsione</strong></span> <span class='ocrx_word' id='word_1_153' title='bbox 1095 2161 1151 2214; x_wconf 86' lang='lat' dir='ltr'><strong>sine</strong></span> <span class='ocrx_word' id='word_1_154' title='bbox 1161 2164 1206 2233; x_wconf 86' lang='lat' dir='ltr'><strong>ju·</strong></span> 
     </span>
     <span class='ocr_line' id='line_1_19' title="bbox 143 2237 1204 2310; baseline 0.002 -18"><span class='ocrx_word' id='word_1_155' title='bbox 143 2239 254 2292; x_wconf 83' lang='lat' dir='ltr'><strong>nitatur.</strong></span> <span class='ocrx_word' id='word_1_156' title='bbox 696 2237 1204 2310; x_wconf 82' lang='lat' dir='ltr'><strong>rejurandocontracta.lepidnsauteru</strong></span> 
     </span>
     <span class='ocr_line' id='line_1_20' title="bbox 190 2316 1204 2394; baseline 0.003 -23"><span class='ocrx_word' id='word_1_157' title='bbox 190 2319 233 2372; x_wconf 81' lang='lat'><strong>15.</strong></span> <span class='ocrx_word' id='word_1_158' title='bbox 247 2319 327 2388; x_wconf 79' lang='lat' dir='ltr'><strong>Quasi</strong></span> <span class='ocrx_word' id='word_1_159' title='bbox 331 2323 434 2390; x_wconf 78' lang='lat' dir='ltr'><strong>primum</strong></span> <span class='ocrx_word' id='word_1_160' title='bbox 444 2317 581 2370; x_wconf 80' lang='lat' dir='ltr'><strong>nddt&#39;deris.</strong></span> <span class='ocrx_word' id='word_1_161' title='bbox 593 2317 653 2370; x_wconf 85' lang='lat' dir='ltr'><strong>Mos</strong></span> <span class='ocrx_word' id='word_1_162' title='bbox 690 2316 851 2394; x_wconf 69' lang='lat' dir='ltr'><strong>fidenatium</strong></span> <span class='ocrx_word' id='word_1_163' title='bbox 863 2319 966 2372; x_wconf 83' lang='lat' dir='ltr'><strong>senatui</strong></span> <span class='ocrx_word' id='word_1_164' title='bbox 975 2320 1166 2385; x_wconf 82' lang='lat' dir='ltr'><strong>obstrinxerat,</strong></span> <span class='ocrx_word' id='word_1_165' title='bbox 1178 2334 1204 2374; x_wconf 83' lang='lat' dir='ltr'><strong>et</strong></span> 
     </span>
     <span class='ocr_line' id='line_1_21' title="bbox 143 2389 1203 2470; baseline 0.002 -18"><span class='ocrx_word' id='word_1_166' title='bbox 143 2410 200 2452; x_wconf 85' lang='lat' dir='ltr'><strong>erat</strong></span> <span class='ocrx_word' id='word_1_167' title='bbox 213 2411 260 2462; x_wconf 86' lang='lat' dir='ltr'><strong>ut,</strong></span> <span class='ocrx_word' id='word_1_168' title='bbox 270 2389 362 2452; x_wconf 78' lang='lat' dir='ltr'><strong>eraclo</strong></span> <span class='ocrx_word' id='word_1_169' title='bbox 373 2417 457 2464; x_wconf 86' lang='lat' dir='ltr'><strong>anuo,</strong></span> <span class='ocrx_word' id='word_1_170' title='bbox 467 2397 587 2452; x_wconf 85' lang='lat' dir='ltr'><strong>consules</strong></span> <span class='ocrx_word' id='word_1_171' title='bbox 600 2415 654 2450; x_wconf 87' lang='lat' dir='ltr'><strong>ma·</strong></span> <span class='ocrx_word' id='word_1_172' title='bbox 690 2398 850 2470; x_wconf 66' lang='lat' dir='ltr'><strong>jurejurando</strong></span> <span class='ocrx_word' id='word_1_173' title='bbox 864 2397 1081 2466; x_wconf 75' lang='lat' dir='ltr'><strong>confirmaverat,</strong></span> <span class='ocrx_word' id='word_1_174' title='bbox 1096 2419 1124 2454; x_wconf 90' lang='lat' dir='ltr'><strong>se</strong></span> <span class='ocrx_word' id='word_1_175' title='bbox 1139 2419 1203 2454; x_wconf 81' lang='lat' dir='ltr'><strong>oon·</strong></span> 
     </span>
     <span class='ocr_line' id='line_1_22' title="bbox 141 2477 1204 2550; baseline 0.001 -19"><span class='ocrx_word' id='word_1_176' title='bbox 141 2477 653 2550; x_wconf 67' lang='lat' dir='ltr'><strong>gistratumproconcionedeponerent,</strong></span> <span class='ocrx_word' id='word_1_177' title='bbox 696 2489 737 2530; x_wconf 88' lang='lat' dir='ltr'><strong>tra</strong></span> <span class='ocrx_word' id='word_1_178' title='bbox 757 2479 949 2549; x_wconf 79' lang='lat' dir='ltr'><strong>rempublicam</strong></span> <span class='ocrx_word' id='word_1_179' title='bbox 968 2497 1040 2532; x_wconf 84' lang='lat' dir='ltr'><strong>arma</strong></span> <span class='ocrx_word' id='word_1_180' title='bbox 1061 2499 1114 2532; x_wconf 87' lang='lat' dir='ltr'><strong>non</strong></span> <span class='ocrx_word' id='word_1_181' title='bbox 1135 2480 1204 2532; x_wconf 85' lang='lat' dir='ltr'><strong>latu·</strong></span> 
     </span>
     <span class='ocr_line' id='line_1_23' title="bbox 141 2557 1203 2630; baseline 0.001 -19"><span class='ocrx_word' id='word_1_182' title='bbox 141 2562 314 2630; x_wconf 86' lang='lat' dir='ltr'><strong>jurarentque</strong></span> <span class='ocrx_word' id='word_1_183' title='bbox 338 2576 365 2610; x_wconf 84' lang='lat' dir='ltr'><strong>se</strong></span> <span class='ocrx_word' id='word_1_184' title='bbox 383 2557 451 2610; x_wconf 90' lang='lat' dir='ltr'><strong>nibil</strong></span> <span class='ocrx_word' id='word_1_185' title='bbox 468 2569 560 2610; x_wconf 82' lang='lat' dir='ltr'><strong>contm</strong></span> <span class='ocrx_word' id='word_1_186' title='bbox 583 2557 653 2627; x_wconf 76' lang='lat' dir='ltr'><strong>leges</strong></span> <span class='ocrx_word' id='word_1_187' title='bbox 696 2557 1203 2629; x_wconf 74' lang='lat' dir='ltr'><strong>rum.Hominesigiturperdatamillam</strong></span> 
     </span>
     <span class='ocr_line' id='line_1_24' title="bbox 143 2633 1205 2710; baseline 0 -19"><span class='ocrx_word' id='word_1_188' title='bbox 143 2638 235 2692; x_wconf 79' lang='lat' dir='ltr'><strong>secisse</strong></span> <span class='ocrx_word' id='word_1_189' title='bbox 255 2633 289 2702; x_wconf 88' lang='lat'><strong>,(</strong></span> <span class='ocrx_word' id='word_1_190' title='bbox 310 2637 378 2690; x_wconf 86' lang='lat' dir='ltr'><strong>Plin.</strong></span> <span class='ocrx_word' id='word_1_191' title='bbox 409 2637 504 2708; x_wconf 74' lang='lat' dir='ltr'><strong>Paneg.</strong></span> <span class='ocrx_word' id='word_1_192' title='bbox 535 2655 596 2689; x_wconf 80' lang='lat' dir='ltr'><strong>urv</strong></span> <span class='ocrx_word' id='word_1_193' title='bbox 627 2647 654 2689; x_wconf 84' lang='lat' dir='ltr'><strong>et</strong></span> <span class='ocrx_word' id='word_1_194' title='bbox 689 2635 780 2706; x_wconf 78' lang='lat' dir='ltr'><strong>fidem,</strong></span> <span class='ocrx_word' id='word_1_195' title='bbox 795 2635 859 2690; x_wconf 85' lang='lat' dir='ltr'><strong>deos</strong></span> <span class='ocrx_word' id='word_1_196' title='bbox 874 2651 961 2691; x_wconf 81' lang='lat' dir='ltr'><strong>autem</strong></span> <span class='ocrx_word' id='word_1_197' title='bbox 973 2642 1080 2709; x_wconf 75' lang='lat' dir='ltr'><strong>perjium</strong></span> <span class='ocrx_word' id='word_1_198' title='bbox 1093 2636 1205 2710; x_wconf 86' lang='lat' dir='ltr'><strong>decepe-</strong></span> 
     </span>
     <span class='ocr_line' id='line_1_25' title="bbox 145 2715 1201 2789; baseline 0.001 -18"><span class='ocrx_word' id='word_1_199' title='bbox 145 2735 213 2783; x_wconf 73' lang='lat' dir='ltr'><strong>sxv,</strong></span> <span class='ocrx_word' id='word_1_200' title='bbox 233 2717 287 2770; x_wconf 87' lang='lat' dir='ltr'><strong>Cic.</strong></span> <span class='ocrx_word' id='word_1_201' title='bbox 304 2717 332 2769; x_wconf 87' lang='lat' dir='ltr'><strong>in</strong></span> <span class='ocrx_word' id='word_1_202' title='bbox 352 2716 406 2770; x_wconf 88' lang='lat' dir='ltr'><strong>Pis.</strong></span> <span class='ocrx_word' id='word_1_203' title='bbox 429 2735 479 2782; x_wconf 74' lang='lat' dir='ltr'><strong>ru,</strong></span> <span class='ocrx_word' id='word_1_204' title='bbox 499 2715 537 2768; x_wconf 93' lang='lat' dir='ltr'><strong>id.</strong></span> <span class='ocrx_word' id='word_1_205' title='bbox 554 2717 605 2787; x_wconf 85' lang='lat' dir='ltr'><strong>Ep.</strong></span> <span class='ocrx_word' id='word_1_206' title='bbox 620 2734 652 2783; x_wconf 78' lang='lat' dir='ltr'><strong>t,</strong></span> <span class='ocrx_word' id='word_1_207' title='bbox 694 2730 736 2768; x_wconf 86' lang='lat' dir='ltr'><strong>rat</strong></span> <span class='ocrx_word' id='word_1_208' title='bbox 748 2731 775 2770; x_wconf 84' lang='lat' dir='ltr'><strong>et</strong></span> <span class='ocrx_word' id='word_1_209' title='bbox 792 2717 945 2772; x_wconf 83' lang='lat' dir='ltr'><strong>violaverat.</strong></span> <span class='ocrx_word' id='word_1_210' title='bbox 959 2717 1069 2772; x_wconf 85' lang='lat' dir='ltr'><strong>Haverc.</strong></span> <span class='ocrx_word' id='word_1_211' title='bbox 1083 2717 1201 2789; x_wconf 66' lang='lat' dir='ltr'><strong>perfidu,</strong></span> 
     </span>
     <span class='ocr_line' id='line_1_26' title="bbox 147 2788 1203 2865; baseline 0.002 -15"><span class='ocrx_word' id='word_1_212' title='bbox 147 2788 196 2865; x_wconf 82' lang='lat' dir='ltr'><strong>s).</strong></span> <span class='ocrx_word' id='word_1_213' title='bbox 220 2796 279 2850; x_wconf 79' lang='lat' dir='ltr'><strong>Httc</strong></span> <span class='ocrx_word' id='word_1_214' title='bbox 292 2807 349 2850; x_wconf 85' lang='lat' dir='ltr'><strong>erat</strong></span> <span class='ocrx_word' id='word_1_215' title='bbox 363 2797 460 2848; x_wconf 79' lang='lat' dir='ltr'><strong>reddere</strong></span> <span class='ocrx_word' id='word_1_216' title='bbox 477 2796 652 2848; x_wconf 73' lang='lat' dir='ltr'><strong>consulatum:</strong></span> <span class='ocrx_word' id='word_1_217' title='bbox 694 2797 752 2852; x_wconf 86' lang='lat' dir='ltr'><strong>sine</strong></span> <span class='ocrx_word' id='word_1_218' title='bbox 774 2797 906 2850; x_wconf 86' lang='lat' dir='ltr'><strong>librorum</strong></span> <span class='ocrx_word' id='word_1_219' title='bbox 929 2799 1093 2852; x_wconf 87' lang='lat' dir='ltr'><strong>auctoritate.</strong></span> <span class='ocrx_word' id='word_1_220' title='bbox 1121 2800 1203 2854; x_wconf 86' lang='lat' dir='ltr'><strong>Casus</strong></span> 
     </span>
     <span class='ocr_line' id='line_1_27' title="bbox 144 2873 1203 2949; baseline 0.004 -19"><span class='ocrx_word' id='word_1_221' title='bbox 144 2877 196 2930; x_wconf 90' lang='lat' dir='ltr'><strong>boc</strong></span> <span class='ocrx_word' id='word_1_222' title='bbox 206 2895 270 2930; x_wconf 84' lang='lat' dir='ltr'><strong>vero</strong></span> <span class='ocrx_word' id='word_1_223' title='bbox 282 2895 337 2930; x_wconf 85' lang='lat' dir='ltr'><strong>non</strong></span> <span class='ocrx_word' id='word_1_224' title='bbox 349 2877 446 2930; x_wconf 79' lang='lat' dir='ltr'><strong>lecerat</strong></span> <span class='ocrx_word' id='word_1_225' title='bbox 456 2873 580 2947; x_wconf 86' lang='lat' dir='ltr'><strong>Lepidus.</strong></span> <span class='ocrx_word' id='word_1_226' title='bbox 597 2873 652 2928; x_wconf 78' lang='lat' dir='ltr'><strong>Ad·</strong></span> <span class='ocrx_word' id='word_1_227' title='bbox 696 2877 807 2930; x_wconf 85' lang='lat' dir='ltr'><strong>mutatio</strong></span> <span class='ocrx_word' id='word_1_228' title='bbox 817 2896 879 2930; x_wconf 86' lang='lat' dir='ltr'><strong>vere</strong></span> <span class='ocrx_word' id='word_1_229' title='bbox 892 2878 1061 2944; x_wconf 85' lang='lat' dir='ltr'><strong>Sallustiana,</strong></span> <span class='ocrx_word' id='word_1_230' title='bbox 1073 2898 1119 2949; x_wconf 83' lang='lat' dir='ltr'><strong>per</strong></span> <span class='ocrx_word' id='word_1_231' title='bbox 1126 2879 1203 2949; x_wconf 69' lang='lat' dir='ltr'><strong>fidam</strong></span> 
     </span>
     <span class='ocr_line' id='line_1_28' title="bbox 143 2956 1204 3031; baseline 0.002 -21"><span class='ocrx_word' id='word_1_232' title='bbox 143 2957 197 3010; x_wconf 83' lang='lat' dir='ltr'><strong>buc</strong></span> <span class='ocrx_word' id='word_1_233' title='bbox 212 2957 284 3010; x_wconf 85' lang='lat' dir='ltr'><strong>enim</strong></span> <span class='ocrx_word' id='word_1_234' title='bbox 299 2956 327 3008; x_wconf 85' lang='lat' dir='ltr'><strong>in</strong></span> <span class='ocrx_word' id='word_1_235' title='bbox 341 2957 447 3010; x_wconf 86' lang='lat' dir='ltr'><strong>Etruria</strong></span> <span class='ocrx_word' id='word_1_236' title='bbox 462 2968 518 3010; x_wconf 87' lang='lat' dir='ltr'><strong>erat</strong></span> <span class='ocrx_word' id='word_1_237' title='bbox 533 2974 593 3008; x_wconf 88' lang='lat' dir='ltr'><strong>cum</strong></span> <span class='ocrx_word' id='word_1_238' title='bbox 609 2973 652 3008; x_wconf 82' lang='lat' dir='ltr'><strong>ex·</strong></span> <span class='ocrx_word' id='word_1_239' title='bbox 695 2969 740 3007; x_wconf 84' lang='lat' dir='ltr'><strong>aut</strong></span> <span class='ocrx_word' id='word_1_240' title='bbox 747 2959 863 3028; x_wconf 71' lang='lat' dir='ltr'><strong>pen&#39;ario.</strong></span> <span class='ocrx_word' id='word_1_241' title='bbox 879 2959 1008 3010; x_wconf 81' lang='lat' dir='ltr'><strong>Praeterea</strong></span> <span class='ocrx_word' id='word_1_242' title='bbox 1028 2960 1128 3031; x_wconf 89' lang='lat' dir='ltr'><strong>optima</strong></span> <span class='ocrx_word' id='word_1_243' title='bbox 1145 2959 1204 3014; x_wconf 88' lang='lat' dir='ltr'><strong>lati·</strong></span> 
     </span>
     <span class='ocr_line' id='line_1_29' title="bbox 144 3031 1202 3108; baseline 0.003 -18"><span class='ocrx_word' id='word_1_244' title='bbox 144 3037 243 3098; x_wconf 79' lang='lat' dir='ltr'><strong>ercitu,</strong></span> <span class='ocrx_word' id='word_1_245' title='bbox 254 3047 333 3108; x_wconf 81' lang='lat' dir='ltr'><strong>quem</strong></span> <span class='ocrx_word' id='word_1_246' title='bbox 342 3033 439 3106; x_wconf 86' lang='lat' dir='ltr'><strong>(supra</strong></span> <span class='ocrx_word' id='word_1_247' title='bbox 451 3055 478 3088; x_wconf 88' lang='lat' dir='ltr'><strong>n.</strong></span> <span class='ocrx_word' id='word_1_248' title='bbox 493 3031 527 3104; x_wconf 85' lang='lat'><strong>9)</strong></span> <span class='ocrx_word' id='word_1_249' title='bbox 536 3054 551 3088; x_wconf 89' lang='lat' dir='ltr'><strong>a</strong></span> <span class='ocrx_word' id='word_1_250' title='bbox 560 3047 652 3088; x_wconf 86' lang='lat' dir='ltr'><strong>senatu</strong></span> <span class='ocrx_word' id='word_1_251' title='bbox 694 3037 762 3090; x_wconf 77' lang='lat' dir='ltr'><strong>uitis</strong></span> <span class='ocrx_word' id='word_1_252' title='bbox 773 3075 780 3104; x_wconf 90' lang='lat'><strong>,</strong></span> <span class='ocrx_word' id='word_1_253' title='bbox 790 3057 836 3107; x_wconf 79' lang='lat' dir='ltr'><strong>per</strong></span> <span class='ocrx_word' id='word_1_254' title='bbox 844 3036 921 3108; x_wconf 72' lang='lat' dir='ltr'><strong>fidam</strong></span> <span class='ocrx_word' id='word_1_255' title='bbox 940 3039 1038 3092; x_wconf 68' lang='lat' dir='ltr'><strong>obieri.</strong></span> <span class='ocrx_word' id='word_1_256' title='bbox 1055 3039 1157 3103; x_wconf 73' lang='lat' dir='ltr'><strong>Cesar,</strong></span> <span class='ocrx_word' id='word_1_257' title='bbox 1171 3042 1202 3094; x_wconf 86' lang='lat' dir='ltr'><strong>B.</strong></span> 
     </span>
     <span class='ocr_line' id='line_1_30' title="bbox 143 3113 1200 3190; baseline 0.007 -22"><span class='ocrx_word' id='word_1_258' title='bbox 143 3118 226 3184; x_wconf 71' lang='lat' dir='ltr'><strong>datum</strong></span> <span class='ocrx_word' id='word_1_259' title='bbox 242 3114 325 3182; x_wconf 82' lang='lat' dir='ltr'><strong>dixit,</strong></span> <span class='ocrx_word' id='word_1_260' title='bbox 340 3113 386 3168; x_wconf 90' lang='lat' dir='ltr'><strong>sed</strong></span> <span class='ocrx_word' id='word_1_261' title='bbox 401 3134 464 3168; x_wconf 83' lang='lat' dir='ltr'><strong>vere</strong></span> <span class='ocrx_word' id='word_1_262' title='bbox 477 3116 594 3168; x_wconf 69' lang='lat' dir='ltr'><strong>extortus</strong></span> <span class='ocrx_word' id='word_1_263' title='bbox 610 3135 652 3167; x_wconf 84' lang='lat' dir='ltr'><strong>ex·</strong></span> <span class='ocrx_word' id='word_1_264' title='bbox 695 3115 729 3168; x_wconf 91' lang='lat' dir='ltr'><strong>G.</strong></span> <span class='ocrx_word' id='word_1_265' title='bbox 745 3135 772 3181; x_wconf 89' lang='lat'><strong>1,</strong></span> <span class='ocrx_word' id='word_1_266' title='bbox 785 3121 839 3182; x_wconf 69' lang='lat'><strong>46,</strong></span> <span class='ocrx_word' id='word_1_267' title='bbox 852 3130 921 3170; x_wconf 89' lang='lat' dir='ltr'><strong>nost.</strong></span> <span class='ocrx_word' id='word_1_268' title='bbox 935 3116 978 3171; x_wconf 83' lang='lat' dir='ltr'><strong>ed.</strong></span> <span class='ocrx_word' id='word_1_269' title='bbox 995 3119 1048 3172; x_wconf 82' lang='lat' dir='ltr'><strong>vol.</strong></span> <span class='ocrx_word' id='word_1_270' title='bbox 1062 3137 1088 3184; x_wconf 88' lang='lat' dir='ltr'><strong>r,</strong></span> <span class='ocrx_word' id='word_1_271' title='bbox 1099 3139 1127 3190; x_wconf 88' lang='lat' dir='ltr'><strong>p.</strong></span> <span class='ocrx_word' id='word_1_272' title='bbox 1146 3122 1200 3175; x_wconf 78' lang='lat'><strong>58:</strong></span> 
     </span>
     <span class='ocr_line' id='line_1_31' title="bbox 143 3195 1202 3269; baseline 0.005 -20"><span class='ocrx_word' id='word_1_273' title='bbox 143 3197 242 3250; x_wconf 86' lang='lat' dir='ltr'><strong>istimat</strong></span> <span class='ocrx_word' id='word_1_274' title='bbox 251 3195 399 3267; x_wconf 87' lang='lat' dir='ltr'><strong>Philippus.</strong></span> <span class='ocrx_word' id='word_1_275' title='bbox 416 3225 458 3238; x_wconf 85' lang='lat'><strong>-·</strong></span> <span class='ocrx_word' id='word_1_276' title='bbox 471 3195 558 3249; x_wconf 74' lang='lat' dir='ltr'><strong>nant</strong></span> <span class='ocrx_word' id='word_1_277' title='bbox 565 3195 651 3264; x_wconf 80' lang='lat' dir='ltr'><strong>prodi·</strong></span> <span class='ocrx_word' id='word_1_278' title='bbox 696 3196 1202 3269; x_wconf 77' lang='lat' dir='ltr'><strong>·committendumnonputabat,ut...</strong></span> 
     </span>
     <span class='ocr_line' id='line_1_32' title="bbox 144 3273 1201 3347; baseline 0.005 -19"><span class='ocrx_word' id='word_1_279' title='bbox 144 3289 191 3328; x_wconf 81' lang='lat' dir='ltr'><strong>tor·</strong></span> <span class='ocrx_word' id='word_1_280' title='bbox 200 3273 327 3330; x_wconf 87' lang='lat' dir='ltr'><strong>Proditor</strong></span> <span class='ocrx_word' id='word_1_281' title='bbox 336 3273 558 3340; x_wconf 67' lang='lat' dir='ltr'><strong>senamntufidus</strong></span> <span class='ocrx_word' id='word_1_282' title='bbox 568 3273 649 3346; x_wconf 89' lang='lat' dir='ltr'><strong>plebi.</strong></span> <span class='ocrx_word' id='word_1_283' title='bbox 694 3273 747 3327; x_wconf 88' lang='lat' dir='ltr'><strong>dici</strong></span> <span class='ocrx_word' id='word_1_284' title='bbox 764 3289 851 3346; x_wconf 87' lang='lat' dir='ltr'><strong>posset</strong></span> <span class='ocrx_word' id='word_1_285' title='bbox 870 3295 914 3328; x_wconf 87' lang='lat' dir='ltr'><strong>eos</strong></span> <span class='ocrx_word' id='word_1_286' title='bbox 929 3277 962 3330; x_wconf 89' lang='lat' dir='ltr'><strong>ab</strong></span> <span class='ocrx_word' id='word_1_287' title='bbox 982 3296 1010 3328; x_wconf 84' lang='lat' dir='ltr'><strong>se</strong></span> <span class='ocrx_word' id='word_1_288' title='bbox 1020 3297 1066 3347; x_wconf 82' lang='lat' dir='ltr'><strong>per</strong></span> <span class='ocrx_word' id='word_1_289' title='bbox 1075 3277 1151 3346; x_wconf 76' lang='lat' dir='ltr'><strong>fidem</strong></span> <span class='ocrx_word' id='word_1_290' title='bbox 1172 3280 1201 3332; x_wconf 88' lang='lat' dir='ltr'><strong>iu</strong></span> 
     </span>
     <span class='ocr_line' id='line_1_33' title="bbox 143 3353 1201 3426; baseline 0.002 -18"><span class='ocrx_word' id='word_1_291' title='bbox 143 3387 183 3400; x_wconf 90' lang='lat'>—</span> <span class='ocrx_word' id='word_1_292' title='bbox 198 3357 316 3425; x_wconf 80' lang='lat' dir='ltr'><strong>Tensqaoe</strong></span> <span class='ocrx_word' id='word_1_293' title='bbox 330 3355 461 3415; x_wconf 70' lang='lat' dir='ltr'><strong>itomanam,</strong></span> <span class='ocrx_word' id='word_1_294' title='bbox 470 3373 544 3423; x_wconf 80' lang='lat' dir='ltr'><strong>neque</strong></span> <span class='ocrx_word' id='word_1_295' title='bbox 554 3353 650 3406; x_wconf 81' lang='lat' dir='ltr'><strong>deorum</strong></span> <span class='ocrx_word' id='word_1_296' title='bbox 693 3354 827 3426; x_wconf 83' lang='lat' dir='ltr'><strong>colloquio</strong></span> <span class='ocrx_word' id='word_1_297' title='bbox 842 3355 1044 3409; x_wconf 87' lang='lat' dir='ltr'><strong>circumventos.</strong></span> <span class='ocrx_word' id='word_1_298' title='bbox 1060 3382 1071 3401; x_wconf 79' lang='grc' dir='ltr'><strong><em>ι</em></strong></span> <span class='ocrx_word' id='word_1_299' title='bbox 1089 3357 1201 3424; x_wconf 87' lang='lat' dir='ltr'><strong>Livius,</strong></span> 
     </span>
     <span class='ocr_line' id='line_1_34' title="bbox 139 3431 1199 3508; baseline 0.005 -21"><span class='ocrx_word' id='word_1_300' title='bbox 139 3436 223 3506; x_wconf 77' lang='lat' dir='ltr'><strong>pudet.</strong></span> <span class='ocrx_word' id='word_1_301' title='bbox 237 3435 401 3488; x_wconf 82' lang='lat' dir='ltr'><strong>Exclamatio</strong></span> <span class='ocrx_word' id='word_1_302' title='bbox 417 3431 593 3504; x_wconf 75' lang='lat' dir='ltr'><strong>indignantis,</strong></span> <span class='ocrx_word' id='word_1_303' title='bbox 607 3452 652 3486; x_wconf 86' lang='lat' dir='ltr'><strong>cu·</strong></span> <span class='ocrx_word' id='word_1_304' title='bbox 693 3451 813 3500; x_wconf 72' lang='lat' dir='ltr'><strong>austra,</strong></span> <span class='ocrx_word' id='word_1_305' title='bbox 835 3435 890 3487; x_wconf 76' lang='lat'><strong>25:</strong></span> <span class='ocrx_word' id='word_1_306' title='bbox 908 3460 920 3482; x_wconf 82' lang='grc' dir='ltr'>ι</span> <span class='ocrx_word' id='word_1_307' title='bbox 935 3435 1023 3488; x_wconf 82' lang='lat' dir='ltr'><strong>Multo</strong></span> <span class='ocrx_word' id='word_1_308' title='bbox 1037 3437 1122 3506; x_wconf 84' lang='lat' dir='ltr'><strong>major</strong></span> <span class='ocrx_word' id='word_1_309' title='bbox 1139 3455 1199 3508; x_wconf 77' lang='lat' dir='ltr'><strong>pars</strong></span> 
     </span>
     <span class='ocr_line' id='line_1_35' title="bbox 141 3509 1198 3585; baseline 0.001 -18"><span class='ocrx_word' id='word_1_310' title='bbox 141 3517 183 3585; x_wconf 85' lang='lat' dir='ltr'><strong>jus</strong></span> <span class='ocrx_word' id='word_1_311' title='bbox 190 3531 283 3568; x_wconf 83' lang='lat' dir='ltr'><strong>sensus</strong></span> <span class='ocrx_word' id='word_1_312' title='bbox 291 3532 298 3566; x_wconf 71' lang='grc' dir='ltr'><strong><em>ι</em></strong></span> <span class='ocrx_word' id='word_1_313' title='bbox 306 3513 378 3566; x_wconf 87' lang='lat' dir='ltr'><strong>nulla</strong></span> <span class='ocrx_word' id='word_1_314' title='bbox 388 3527 414 3567; x_wconf 85' lang='lat' dir='ltr'><strong>te</strong></span> <span class='ocrx_word' id='word_1_315' title='bbox 425 3513 585 3577; x_wconf 80' lang='lat' dir='ltr'><strong>reverentia,</strong></span> <span class='ocrx_word' id='word_1_316' title='bbox 595 3513 650 3566; x_wconf 80' lang='lat' dir='ltr'><strong>sive</strong></span> <span class='ocrx_word' id='word_1_317' title='bbox 694 3509 704 3574; x_wconf 91' lang='lat'>(</span> <span class='ocrx_word' id='word_1_318' title='bbox 713 3513 851 3568; x_wconf 85' lang='lat' dir='ltr'><strong>Gallorum</strong></span> <span class='ocrx_word' id='word_1_319' title='bbox 859 3510 882 3580; x_wconf 91' lang='lat'><strong>),</strong></span> <span class='ocrx_word' id='word_1_320' title='bbox 886 3533 932 3585; x_wconf 84' lang='lat' dir='ltr'><strong>per</strong></span> <span class='ocrx_word' id='word_1_321' title='bbox 934 3513 1010 3585; x_wconf 79' lang='lat' dir='ltr'><strong>fidem</strong></span> <span class='ocrx_word' id='word_1_322' title='bbox 1018 3514 1108 3568; x_wconf 81' lang='lat' dir='ltr'><strong>violati</strong></span> <span class='ocrx_word' id='word_1_323' title='bbox 1115 3516 1198 3570; x_wconf 89' lang='lat' dir='ltr'><strong>collo·</strong></span> 
     </span>
     <span class='ocr_line' id='line_1_36' title="bbox 142 3590 1200 3665; baseline 0.001 -17"><span class='ocrx_word' id='word_1_324' title='bbox 142 3594 300 3657; x_wconf 88' lang='lat' dir='ltr'><strong>bominum,</strong></span> <span class='ocrx_word' id='word_1_325' title='bbox 315 3593 370 3646; x_wconf 85' lang='lat' dir='ltr'><strong>sive</strong></span> <span class='ocrx_word' id='word_1_326' title='bbox 382 3590 510 3658; x_wconf 83' lang='lat' dir='ltr'><strong>deorum,</strong></span> <span class='ocrx_word' id='word_1_327' title='bbox 521 3605 602 3647; x_wconf 86' lang='lat' dir='ltr'><strong>tenet.</strong></span> <span class='ocrx_word' id='word_1_328' title='bbox 610 3623 651 3636; x_wconf 87' lang='lat'><strong>--</strong></span> <span class='ocrx_word' id='word_1_329' title='bbox 694 3594 750 3664; x_wconf 90' lang='lat' dir='ltr'><strong>quii</strong></span> <span class='ocrx_word' id='word_1_330' title='bbox 757 3612 861 3665; x_wconf 84' lang='lat' dir='ltr'><strong>poeuas,</strong></span> <span class='ocrx_word' id='word_1_331' title='bbox 869 3594 1079 3646; x_wconf 86' lang='lat' dir='ltr'><strong>morteluerunt.</strong></span> <span class='ocrx_word' id='word_1_332' title='bbox 1089 3621 1100 3642; x_wconf 76' lang='grc' dir='ltr'>ι</span> <span class='ocrx_word' id='word_1_333' title='bbox 1113 3595 1200 3649; x_wconf 85' lang='lat' dir='ltr'><strong>Etiam</strong></span> 
     </span>
     <span class='ocr_line' id='line_1_37' title="bbox 144 3671 1199 3745; baseline 0.001 -18"><span class='ocrx_word' id='word_1_334' title='bbox 144 3676 212 3745; x_wconf 79' lang='lat' dir='ltr'><strong>Quos</strong></span> <span class='ocrx_word' id='word_1_335' title='bbox 222 3671 349 3744; x_wconf 64' lang='lat' dir='ltr'><strong>pqr-fidem</strong></span> <span class='ocrx_word' id='word_1_336' title='bbox 361 3686 405 3724; x_wconf 79' lang='lat' dir='ltr'><strong>aut</strong></span> <span class='ocrx_word' id='word_1_337' title='bbox 414 3676 522 3744; x_wconf 77' lang='lat' dir='ltr'><strong>perJ&#39;urio</strong></span> <span class='ocrx_word' id='word_1_338' title='bbox 541 3673 648 3727; x_wconf 76' lang='lat' dir='ltr'><strong>uiolasti.</strong></span> <span class='ocrx_word' id='word_1_339' title='bbox 694 3674 775 3744; x_wconf 72' lang='lat' dir='ltr'><strong>magis</strong></span> <span class='ocrx_word' id='word_1_340' title='bbox 788 3671 822 3726; x_wconf 89' lang='lat' dir='ltr'><strong>ad</strong></span> <span class='ocrx_word' id='word_1_341' title='bbox 835 3691 891 3726; x_wconf 84' lang='lat' dir='ltr'><strong>rem</strong></span> <span class='ocrx_word' id='word_1_342' title='bbox 901 3673 991 3728; x_wconf 88' lang='lat' dir='ltr'><strong>Senec.</strong></span> <span class='ocrx_word' id='word_1_343' title='bbox 1005 3672 1039 3728; x_wconf 90' lang='lat' dir='ltr'><strong>de</strong></span> <span class='ocrx_word' id='word_1_344' title='bbox 1050 3675 1128 3728; x_wconf 84' lang='lat' dir='ltr'><strong>Prov.</strong></span> <span class='ocrx_word' id='word_1_345' title='bbox 1145 3693 1199 3742; x_wconf 86' lang='lat' dir='ltr'><strong>tu,</strong></span> 
     </span>
     <span class='ocr_line' id='line_1_38' title="bbox 142 3751 1198 3824; baseline 0.001 -17"><span class='ocrx_word' id='word_1_346' title='bbox 142 3753 184 3808; x_wconf 77' lang='lat' dir='ltr'><strong>bd</strong></span> <span class='ocrx_word' id='word_1_347' title='bbox 205 3753 328 3807; x_wconf 87' lang='lat' dir='ltr'><strong>homines</strong></span> <span class='ocrx_word' id='word_1_348' title='bbox 344 3753 432 3816; x_wconf 80' lang='lat' dir='ltr'><strong>refer,</strong></span> <span class='ocrx_word' id='word_1_349' title='bbox 449 3773 495 3824; x_wconf 78' lang='lat' dir='ltr'><strong>per</strong></span> <span class='ocrx_word' id='word_1_350' title='bbox 502 3751 597 3822; x_wconf 70' lang='lat' dir='ltr'><strong>fid‘mi</strong></span> <span class='ocrx_word' id='word_1_351' title='bbox 616 3751 649 3806; x_wconf 92' lang='lat' dir='ltr'><strong>ad</strong></span> <span class='ocrx_word' id='word_1_352' title='bbox 693 3765 828 3807; x_wconf 70' lang='lat' dir='ltr'><strong>mutuum</strong></span> <span class='ocrx_word' id='word_1_353' title='bbox 848 3753 926 3824; x_wconf 69' lang='lat' dir='ltr'><strong>Syllo</strong></span> <span class='ocrx_word' id='word_1_354' title='bbox 942 3754 1081 3808; x_wconf 83' lang='lat' dir='ltr'><strong>victoriam</strong></span> <span class='ocrx_word' id='word_1_355' title='bbox 1098 3773 1198 3808; x_wconf 79' lang='lat' dir='ltr'><strong>memo·</strong></span> 
     </span>
     <span class='ocr_line' id='line_1_39' title="bbox 141 3831 1197 3904; baseline 0 -18"><span class='ocrx_word' id='word_1_356' title='bbox 141 3833 221 3900; x_wconf 89' lang='lat' dir='ltr'><strong>deos,</strong></span> <span class='ocrx_word' id='word_1_357' title='bbox 232 3835 347 3904; x_wconf 75' lang='lat' dir='ltr'><strong>perjurio.</strong></span> <span class='ocrx_word' id='word_1_358' title='bbox 361 3834 407 3888; x_wconf 78' lang='lat' dir='ltr'><strong>De</strong></span> <span class='ocrx_word' id='word_1_359' title='bbox 414 3851 466 3903; x_wconf 84' lang='lat' dir='ltr'><strong>qua</strong></span> <span class='ocrx_word' id='word_1_360' title='bbox 479 3831 649 3886; x_wconf 85' lang='lat' dir='ltr'><strong>distinctione</strong></span> <span class='ocrx_word' id='word_1_361' title='bbox 692 3851 754 3886; x_wconf 86' lang='lat' dir='ltr'><strong>rans</strong></span> <span class='ocrx_word' id='word_1_362' title='bbox 767 3851 774 3886; x_wconf 94' lang='lat'>:</span> <span class='ocrx_word' id='word_1_363' title='bbox 790 3833 897 3886; x_wconf 82' lang='lat' dir='ltr'><strong>-Multa</strong></span> <span class='ocrx_word' id='word_1_364' title='bbox 907 3833 988 3887; x_wconf 86' lang='lat' dir='ltr'><strong>millia</strong></span> <span class='ocrx_word' id='word_1_365' title='bbox 999 3834 1098 3886; x_wconf 82' lang='lat' dir='ltr'><strong>civium</strong></span> <span class='ocrx_word' id='word_1_366' title='bbox 1111 3853 1197 3886; x_wconf 88' lang='lat' dir='ltr'><strong>roma-</strong></span> 
     </span>
     <span class='ocr_line' id='line_1_40' title="bbox 144 3911 1198 3985; baseline 0.002 -17"><span class='ocrx_word' id='word_1_367' title='bbox 144 3913 204 3968; x_wconf 75' lang='lat' dir='ltr'><strong>vide</strong></span> <span class='ocrx_word' id='word_1_368' title='bbox 223 3913 282 3966; x_wconf 81' lang='lat' dir='ltr'><strong>Lis.</strong></span> <span class='ocrx_word' id='word_1_369' title='bbox 299 3929 342 3972; x_wconf 83' lang='lat' dir='ltr'><strong>tx,</strong></span> <span class='ocrx_word' id='word_1_370' title='bbox 358 3931 374 3980; x_wconf 88' lang='lat'><strong>9</strong></span> <span class='ocrx_word' id='word_1_371' title='bbox 389 3930 396 3964; x_wconf 89' lang='lat'>:</span> <span class='ocrx_word' id='word_1_372' title='bbox 414 3938 425 3958; x_wconf 82' lang='grc' dir='ltr'>ι</span> <span class='ocrx_word' id='word_1_373' title='bbox 439 3912 532 3984; x_wconf 85' lang='lat' dir='ltr'><strong>Neque</strong></span> <span class='ocrx_word' id='word_1_374' title='bbox 544 3931 592 3983; x_wconf 74' lang='lat' dir='ltr'><strong>ego</strong></span> <span class='ocrx_word' id='word_1_375' title='bbox 611 3914 650 3965; x_wconf 93' lang='lat' dir='ltr'><strong>in·</strong></span> <span class='ocrx_word' id='word_1_376' title='bbox 692 3931 789 3966; x_wconf 85' lang='lat' dir='ltr'><strong>norum</strong></span> <span class='ocrx_word' id='word_1_377' title='bbox 814 3933 868 3966; x_wconf 89' lang='lat' dir='ltr'><strong>uuo</strong></span> <span class='ocrx_word' id='word_1_378' title='bbox 887 3915 946 3968; x_wconf 90' lang='lat' dir='ltr'><strong>loco</strong></span> <span class='ocrx_word' id='word_1_379' title='bbox 965 3925 1023 3985; x_wconf 82' lang='lat' dir='ltr'><strong>post</strong></span> <span class='ocrx_word' id='word_1_380' title='bbox 1030 3911 1125 3983; x_wconf 83' lang='lat' dir='ltr'><strong>fidem,</strong></span> <span class='ocrx_word' id='word_1_381' title='bbox 1144 3913 1198 3970; x_wconf 78' lang='lat' dir='ltr'><strong>imo</strong></span> 
     </span>
     <span class='ocr_line' id='line_1_41' title="bbox 141 3991 1086 4070; baseline -0.003 -22"><span class='ocrx_word' id='word_1_382' title='bbox 141 3994 255 4048; x_wconf 77' lang='lat' dir='ltr'><strong>ficiaseo</strong></span> <span class='ocrx_word' id='word_1_383' title='bbox 263 4031 272 4060; x_wconf 97' lang='lat'><strong>,</strong></span> <span class='ocrx_word' id='word_1_384' title='bbox 280 4003 334 4046; x_wconf 73' lang='lat' dir='ltr'><strong>um</strong></span> <span class='ocrx_word' id='word_1_385' title='bbox 344 3991 498 4064; x_wconf 81' lang='lat' dir='ltr'><strong>sponsiones</strong></span> <span class='ocrx_word' id='word_1_386' title='bbox 510 4010 589 4063; x_wconf 84' lang='lat' dir='ltr'><strong>quam</strong></span> <span class='ocrx_word' id='word_1_387' title='bbox 601 3993 649 4045; x_wconf 85' lang='lat' dir='ltr'><strong>loe·</strong></span> <span class='ocrx_word' id='word_1_388' title='bbox 689 4012 735 4060; x_wconf 83' lang='lat' dir='ltr'><strong>per</strong></span> <span class='ocrx_word' id='word_1_389' title='bbox 748 3998 822 4056; x_wconf 65' lang='lat' dir='ltr'><strong>mrem</strong></span> <span class='ocrx_word' id='word_1_390' title='bbox 828 3992 912 4070; x_wconf 60' lang='lat' dir='ltr'><strong>sulemv</strong></span> <span class='ocrx_word' id='word_1_391' title='bbox 921 3991 1058 4046; x_wconf 83' lang='lat' dir='ltr'><strong>trucidata.</strong></span> <span class='ocrx_word' id='word_1_392' title='bbox 1076 4019 1086 4040; x_wconf 68' lang='lat' dir='ltr'>a</span> 
     </span>
    </p>
   </div>
   <div class='ocr_carea' id='block_1_4' title="bbox 0 0 1460 4666">
    <p class='ocr_par' dir='ltr' id='par_1_4' title="bbox 0 0 1460 4666">
     <span class='ocr_line' id='line_1_42' title="bbox 0 0 1460 4666; baseline 0 2"><span class='ocrx_word' id='word_1_393' title='bbox 0 0 1460 4666; x_wconf 95' lang='lat' dir='ltr'><strong> </strong></span> 
     </span>
    </p>
   </div>
  </div>
 </body>
</html>
