2938 4654
572 349 864 420 IUGURTHA.
1177 343 1252 419 235

234 480 327 550 LIII.
347 482 490 552 Romani
504 506 546 550 ex
560 482 741 578 improviso
755 481 901 579 pulveris
914 483 983 551 vim
1002 505 1157 577 magnam
1177 483 1247 551 ani-

180 586 415 677 madvortunt3
430 613 508 658 nom
526 605 740 687 prospectrun
754 615 834 687 ager
849 589 992 660 arbustis
1007 590 1152 658 consitus
1168 611 1248 684 pro-

182 693 318 764 hibebut
326 695 345 764 ¹.
371 699 417 766 Et
437 697 545 790 primo
572 699 635 766 rati
665 699 806 768 humum
830 696 958 768 aridam
979 711 1082 766 vento
1100 696 1217 791 agitari
1239 721 1247 764 ι

183 815 275 894 post,
293 803 351 874 ubi
365 802 558 898 aequabilem
576 803 740 894 muncre²,
754 819 804 894 et,
821 806 917 874 sicuti
931 806 1019 874 acies
1035 803 1250 891 movebatur,

182 911 287 1004 magis
305 911 476 1006 magisque
493 913 762 1008 appropinquare
778 911 910 996 vident3
934 913 1067 1008 cognita
1090 935 1148 998 re,
1167 935 1249 1005 pro-

182 1031 337 1110 perantes
350 1041 443 1086 arma
456 1021 609 1114 cupiunt,
622 1045 662 1089 ac
675 1046 738 1116 pro
752 1019 885 1107 castris,
900 1020 996 1088 sicuti
1009 1017 1250 1114 imperabatur,

184 1125 392 1194 consistunt:
412 1125 548 1214 deinde,
576 1127 634 1196 ubi
656 1129 793 1224 propius
818 1141 973 1213 ventum,
986 1128 1154 1220 utrimque
1175 1147 1251 1194 ma·

185 1253 250 1322 gno
264 1229 411 1303 clamore
420 1233 639 1304 concurritur.
653 1235 807 1306 Numidae
820 1233 1052 1304 tantummodo
1062 1234 1220 1302 remorati
1227 1215 1252 1318 ³,

187 1334 266 1406 dum
290 1340 324 1408 in
347 1338 531 1434 elephantis
551 1341 708 1412 auxilium
728 1356 867 1438 putant:
884 1355 1060 1437 postquam
1077 1337 1252 1434 impeditos

186 1447 284 1516 ramis
306 1447 488 1537 arborum,
508 1462 607 1543 atque
625 1451 672 1520 ita
689 1449 843 1544 disjectos
865 1447 1097 1519 circumveniri
1118 1446 1251 1528 vident,

186 1547 298 1645 fugam
313 1553 456 1624 faciunt:
470 1579 509 1624 ac
525 1553 689 1651 plerique,
703 1557 839 1650 abjectis
853 1558 967 1644 armis,
980 1553 1088 1641 collis,
1103 1567 1162 1622 sut
1176 1575 1253 1622 noc·

188 1657 227 1726 tis
244 1683 316 1752 quae
333 1659 402 1753 jam
420 1660 549 1752 aderat,
561 1662 684 1732 auxilio
697 1665 816 1758 integri
829 1663 961 1732 abeunt.
976 1660 1154 1757 Elephanti
1168 1685 1253 1754 qun·

188 1777 263 1834 tuor
275 1769 382 1862 capti,
396 1766 513 1863 reliqui
527 1795 657 1859 omnes,
666 1795 806 1840 numero
819 1771 1058 1865 quadraginta,
1076 1767 1251 1837 interlecti.

187 1872 230 1940 At
245 1875 405 1964 Romani,
421 1899 622 1972 quamquam
640 1879 757 1948 itinere
776 1892 875 1972 atque
894 1901 995 1972 opere
1016 1891 1202 1945 castrorum
1221 1888 1255 1942 et

188 1977 300 2071 praelio
319 1981 396 2054 fessi
413 1981 542 2078 laetique
557 1971 685 2069 erant⁴3
698 1999 822 2071 tamen,
837 1984 928 2078 quod
944 1981 1098 2052 Metellus
1112 1980 1255 2076 amplius

189 2088 342 2181 opinione
363 2089 579 2180 morabatur,
601 2093 752 2162 instructi
769 2093 953 2185 intentique
977 2089 1110 2158 obviarn
1132 2111 1254 2182 proce-

189 2305 304 2379 Artepro
312 2320 390 2371 mter
400 2307 696 2376 vicessimus.
743 2312 828 2376 cort,
837 2327 982 2381 omnesque
994 2308 1079 2362 nostri
1088 2303 1163 2360 MSS.
1179 2307 1258 2358 Frus-

189 2387 296 2458 -Quo
310 2389 411 2440 hostium
423 2394 503 2443 itimri
515 2391 628 2461 officeret.
647 2391 699 2444 Ln-
741 2403 782 2444 tr·
796 2388 905 2461 quidum
923 2390 980 2442 eine
994 2387 1150 2441 auctoritate
1166 2385 1256 2458 prole·

190 2465 239 2519 tius
253 2468 336 2521 aciem
351 2469 478 2541 porrigit,
493 2483 524 2524 ut
537 2471 639 2524 Rutilio
658 2490 700 2524 re·
740 2483 819 2536 runt,
824 2472 886 2538 sessi
895 2471 1008 2542 lassique3
1019 2465 1106 2540 quod,
1116 2467 1255 2538 inquiunt,

189 2541 544 2620 &compreenduntur
560 2549 595 2605 ud
608 2551 700 2605 Metel·
741 2551 829 2602 latius
855 2567 900 2603 eos
923 2549 1023 2602 morari
1046 2565 1102 2602 uon
1124 2545 1256 2614 debebat,

190 2625 245 2678 lnm
256 2627 361 2698 regredi
369 2630 442 2683 velit.
742 2631 809 2701 quin
824 2632 931 2684 obviem
946 2629 1056 2683 Metello
1070 2625 1256 2700 procederent.

228 2708 292 2761 Cur.
308 2709 381 2762 LIII.
401 2729 424 2762 1.
445 2711 511 2764 Nm
520 2725 698 2783 prospecturi...
742 2709 795 2762 Sed
818 2711 897 2764 inico
921 2709 1061 2764 consillum
1088 2723 1143 2760 non
1170 2708 1257 2760 luerat

187 2788 334 2857 prohibebat.
347 2789 406 2844 IIoc
417 2803 507 2858 notet,
524 2804 554 2844 ut
568 2793 700 2864 intellige·
742 2791 884 2844 llutilisnis
904 2791 1011 2844 obvium
1031 2789 1141 2842 Metello
1162 2805 1257 2859 proee-

190 2885 262 2933 mus,
276 2887 325 2922 cur
338 2887 394 2923 non
409 2873 554 2925 exercituin
568 2873 700 2926 Bomilcn·
742 2869 814 2925 dere.
829 2873 888 2924 Imo
904 2871 980 2923 illum
995 2871 1024 2922 in
1039 2865 1130 2922 castris
1147 2885 1256 2940 exspec-

189 2947 700 3025 rie‚sedpulveremduntaxct,eomqne
741 2953 824 3005 taturi
846 2965 935 3018 mant,
951 2952 980 3004 ni
998 2949 1120 3022 pralium
1139 2949 1257 3001 interve·

190 3046 219 3079 ec
231 3032 357 3099 improviso
368 3029 495 3085 viderint.
550 3045 553 3055 ’
742 3033 831 3086 nisset.
848 3031 891 3084 Ad
910 3033 961 3085 hoc
983 3047 1090 3084 manere
1110 3025 1257 3094 suadebat,

231 3127 256 3161 r.
270 3110 427 3182 AEquabilsm
442 3131 544 3166 mamm.
556 3113 662 3167 Nubem
671 3113 706 3165 ils
742 3113 822 3165 simul
841 3111 914 3184 quod
933 3113 1045 3175 itinere,
1060 3127 1141 3182 opere
1162 3121 1259 3162 castro·

190 3186 242 3240 lm
261 3189 379 3262 pulveris
394 3193 516 3264 oeqnuhili
530 3205 606 3246 motu
620 3195 700 3260 ferri,
742 3210 819 3259 rum,
835 3205 862 3246 et
876 3191 969 3264 prelio
979 3193 1059 3258 fissi,
1082 3190 1161 3243 simul
1183 3186 1257 3262 qnod

191 3265 262 3338 quod
277 3287 333 3323 non
348 3271 497 3340 recidisset,
511 3273 626 3327 alvento
641 3286 701 3327 tan·
743 3273 854 3326 victoria
869 3271 933 3333 heti,
948 3269 1063 3341 ideoque
1074 3269 1159 3323 securi
1171 3279 1256 3320 erant.

190 3358 246 3400 tum
261 3351 548 3406 eruoremnevooe
562 3355 699 3426 oequabr'lr'r,
743 3355 779 3403 At
790 3369 855 3406 vero
868 3369 913 3404 eos
927 3351 1061 3422 permovit
1073 3349 1179 3420 longior
1198 3347 1258 3399 Me·

191 3426 251 3480 ride
266 3445 326 3501 sup.
342 3431 442 3498 XLIII,
458 3453 484 3486 n.
495 3435 522 3488 3.
744 3431 800 3484 tolli
814 3447 905 3498 mora,
918 3449 953 3482 ne
969 3433 1043 3502 quieti
1060 3440 1085 3478 et
1103 3430 1196 3480 loetr'tr'm
1214 3427 1258 3478 in-

231 3509 258 3562 3.
274 3510 407 3566 Ronmti.
426 3513 526 3584 Supple
542 3525 612 3579 sunt,
627 3511 702 3585 quod
744 3509 891 3582 dulgereut.
906 3504 1094 3563 Processerunt
1113 3507 1202 3578 igitur.
1217 3535 1258 3549 -

192 3587 219 3639 iu
232 3587 337 3644 duobus
349 3605 433 3646 uostn
444 3591 519 3646 MSS.
531 3593 637 3664 legitur.
652 3595 702 3645 Ile·
744 3587 811 3645 Nam
826 3590 896 3642 dote
908 3588 1077 3644 Nmidamm.
1097 3587 1161 3639 Iloec
1175 3586 1258 3638 ratio·

192 3673 279 3722 mesti
297 3683 367 3733 sunt,
382 3673 438 3725 sine
454 3691 531 3739 cuu3
547 3672 576 3726 id
595 3685 635 3726 eet
650 3673 702 3724 loeo
744 3689 806 3724 nem
817 3671 968 3736 confluent,
977 3687 1033 3722 nou
1043 3687 1091 3722 cur
1100 3669 1256 3720 instructior-

191 3759 317 3814 emt,
341 3753 494 3824 oppositum
515 3753 701 3825 sequentibus,
746 3755 864 3824 uotique,
877 3749 924 3804 red
939 3769 987 3804 cur
1000 3750 1109 3802 omnino
1126 3765 1259 3820 processe·

186 3831 274 3900 sugam
284 3833 391 3898 smirne.
400 3834 587 3904 -Inpcdiecr,
602 3853 638 3887 sc.
652 3833 704 3886 ele·
744 3833 809 3886 rint.
822 3832 906 3886 Dolus
915 3827 1092 3885 Numidarum
1107 3845 1161 3880 non
1173 3826 1258 3899 patie-

190 3909 312 3980 phnntos.
443 3919 449 3932 “
745 3909 1258 3984 Βιῑιιτοοι,φιιωνίιῖοιεοε,1οηςυοκ,

226 3997 252 4054 4.
262 3991 435 4065 Fesstloen'que
443 4006 519 4046 erant.
527 3993 571 4048 Sic
577 3993 702 4059 Havete,
746 3993 867 4063 qumvis
880 3993 969 4061 latos,
981 3987 1077 4061 gaudio
1089 3988 1197 4044 remitti.
