2938 4654
155 390 230 477 264
403 393 441 460 C.
470 391 653 460 CRISPI
681 389 960 460 SALLUSTII

152 539 277 594 onerat
292 527 342 593 Eo
357 524 458 593 modo
474 526 654 592 instructus
667 523 709 592 ad
721 523 860 592 Thalam
879 523 1108 618 proficiscitur.
1123 523 1222 590 Dein-

153 630 195 701 de
217 631 274 700 ubi
296 631 338 700 ad
360 631 393 700 id
416 629 480 700 loci
501 646 656 719 ventum,
678 656 745 726 quo
768 631 921 700 Numidis
949 642 1165 726 praeceperat,
1187 641 1222 695 et

154 753 263 808 castra
280 739 388 832 posita
410 739 600 832 munitaque
622 751 717 826 sunt;
737 752 829 806 tanta
850 752 985 832 repente.
1013 735 1097 806 coelo
1122 737 1221 804 missa

153 846 204 914 vis
225 869 319 939 aquae
334 845 469 934 dicitur,
482 860 520 914 ut
538 871 576 914 ea
594 845 695 915 modo
717 846 875 914 exercitui
893 846 971 914 satis
990 867 1154 964 superque
1171 841 1221 910 fo·

155 967 228 1020 ret:
259 967 418 1046 praeterea
448 967 653 1022 commeatus
674 977 733 1048 spe
755 950 916 1046 amplior;
944 953 1023 1045 quia
1050 948 1223 1035 Numidae,

155 1059 250 1127 sicuti
281 1057 465 1154 plerique
455 1084 490 1127 m
516 1083 603 1129 nova
629 1059 815 1147 deditione,
842 1057 952 1128 officia
983 1040 1221 1126 intenderant.

156 1166 312 1234 Ceterum
331 1165 450 1236 milites
460 1165 674 1260 ,religione,
697 1165 807 1261 pluvia
826 1167 930 1260 magis
955 1167 1030 1234 usi.
1047 1188 1151 1258 eaque
1170 1186 1223 1231 res

156 1271 298 1340 multum
318 1275 435 1342 animis
456 1297 572 1343 eorum
591 1272 733 1358 addidit;
752 1297 829 1341 nam
848 1274 910 1340 rati
930 1297 1000 1341 sese
1018 1271 1094 1340 dis
1086 1294 1222 1338 1mmor-

131 1429 132 1433 ,
156 1376 276 1448 talibus
299 1403 386 1449 curae
405 1405 484 1450 esse.
508 1379 638 1448 Deinde
661 1393 795 1474 postero
816 1379 885 1466 die,
900 1393 1017 1448 contra
1033 1378 1222 1472 opinionem

156 1486 174 1552 J
177 1486 345 1579 ugurthae,
360 1486 403 1554 ad
423 1484 562 1555 Thalam
582 1487 790 1580 perveniunt.
812 1485 995 1580 Oppidani,
1009 1486 1066 1579 qui
1083 1508 1117 1552 se
1134 1482 1238 1552 loco-'

157 1615 232 1660 rum
246 1595 421 1686 asperitate
435 1596 580 1661 munitos
602 1592 825 1680 crediderant,
840 1616 962 1687 magna
975 1607 1074 1686 atque
1096 1589 1227 1659 insolita

157 1721 194 1765 re
226 1697 388 1792 perculsi,
409 1697 512 1768 nihilo
540 1700 672 1794 segnius
695 1698 818 1769 bellum
840 1723 983 1795 parare:
1010 1699 1098 1768 idem
1123 1699 1228 1767 nostri

157 1802 274 1874 lacere.

213 1913 370 1982 LXXVI.
399 1912 464 1982 Sed
479 1937 537 1982 rex
552 1912 633 1983 nihil
644 1915 713 2008 jam
729 1913 887 1984 infectum
903 1911 1054 1983 Metello¹
1073 1911 1227 2000 credens,

160 2018 282 2114 quippe
304 2021 361 2112 qui
384 2021 510 2108 omnia,
528 2045 636 2109 arma,
655 2020 740 2108 tela,
759 2020 867 2110 locos,
892 2035 1064 2116 tempora,
1085 2020 1228 2112 denique

161 2137 315 2193 naturam
335 2127 458 2221 ipsam,
473 2128 590 2196 ceteris
613 2129 879 2223 imperitantem,
902 2127 1062 2196 industria
1082 2127 1230 2214 vicerat,

161 2255 238 2300 cum
258 2230 368 2302 liberis
386 2247 420 2305 et
436 2257 557 2330 magna
570 2249 664 2330 parte
679 2236 828 2330 pecuniae
842 2259 882 2302 ex
895 2233 1019 2330 oppido
1034 2247 1136 2303 noctu
1151 2257 1229 2326 pro-

161 2336 255 2432 fugit.
274 2341 391 2434 Neque
407 2355 521 2436 postea
544 2343 577 2408 in
600 2339 668 2410 ullo
689 2341 763 2410 loco
781 2339 921 2436 amplius
940 2365 1007 2409 unu
1025 2339 1077 2409 die
1090 2353 1147 2408 aut
1162 2363 1230 2407 una

162 2458 260 2513 nocte
285 2462 450 2534 moratus,
472 2446 647 2517 simulabat
669 2473 739 2517 sese
760 2449 882 2543 negotii
903 2449 1007 2542 gratia
1028 2469 1231 2542 properare;

162 2565 310 2619 ceterum
328 2552 550 2647 proditionem
569 2555 726 2642 timebat,
748 2579 846 2650 quam
866 2556 971 2623 vitare
988 2577 1085 2650 posse
1111 2550 1229 2622 celeri·

162 2671 230 2724 tate
248 2659 387 2750 putabat
405 2685 412 2726 :
432 2684 508 2728 nam
529 2659 606 2728 talia
627 2660 762 2730 consilia
785 2686 845 2756 per
865 2663 970 2730 otium
990 2675 1085 2730 etex
1106 2683 1230 2754 oppor-

163 2764 303 2831 tunitate
322 2766 404 2858 capi.
420 2767 465 2833 At
478 2763 632 2835 Metellus
646 2768 703 2835 ubi
721 2767 906 2863 oppidanos
924 2765 1037 2862 praelio
1057 2763 1231 2854 intentos²,

164 2867 261 2938 simul
282 2870 443 2966 oppidum
461 2887 496 2941 et
513 2873 669 2967 operibus
687 2889 721 2944 et
740 2873 814 2945 loco
833 2875 1000 2944 munitum
1017 2871 1122 2961 videt,
1143 2869 1232 2942 vallo

207 3097 233 3149 ⁵.
250 3094 343 3166 Officia
358 3097 515 3152 ahtenderant.
533 3099 676 3171 Plusquaru
720 3113 759 3165 te,
768 3099 837 3154 nihil
848 3113 887 3154 est
900 3102 1011 3168 insertion
1024 3099 1200 3171 cupientibus.
1215 3125 1228 3146 ·

163 3177 265 3248 jussum
288 3189 360 3242 erat,
379 3179 513 3244 fecerant,
535 3192 566 3232 ut
593 3180 678 3233 solent
720 3180 777 3233 Nec
797 3181 911 3247 mirnm;
928 3199 1011 3252 quum
1031 3181 1111 3233 etiam
1132 3183 1232 3231 invictus

164 3257 287 3328 plerique
305 3256 426 3312 homiues
438 3259 466 3312 iu
482 3259 583 3314 recenti
601 3257 677 3313 dedi-
720 3261 768 3327 sit,
783 3261 896 3334 quinon
908 3261 980 3314 vinci
993 3272 1095 3333 potest;
1111 3262 1233 3329 inconqu-

166 3337 246 3390 tione.
263 3338 389 3391 Intendere
408 3339 479 3392 enim
499 3339 543 3394 hic
561 3353 615 3406 est,
631 3359 677 3393 au·
721 3351 773 3404 tus,
788 3343 833 3412 qui
849 3359 904 3393 non
920 3341 1232 3412 corrumpi31'naccessus‚

165 3435 238 3488 gere,
251 3431 277 3470 et
289 3419 621 3492 quasrmmagmtudmenr
633 3440 678 3473 ex
721 3419 754 3472 ad
770 3439 849 3492 quem
866 3439 920 3473 non
936 3419 1043 3474 accedi:
1058 3417 1234 3472 similitudine

167 3495 284 3551 tendere.
305 3497 408 3552 Eodem
431 3519 508 3554 sensu
529 3501 601 3554 Suet
616 3501 677 3553 Tib.
720 3501 867 3555 verbalium
887 3519 1033 3572 grecorum
1048 3499 1077 3552 iu
1092 3519 1151 3564 τις,
1165 3517 1235 3571 quo·

167 3594 267 3630 urn-
284 3579 364 3632 Auxit
385 3579 532 3652 distenditque
552 3581 679 3634 saevitiam
721 3599 782 3633 rum
804 3581 888 3633 multa
909 3581 1051 3653 participio
1075 3579 1179 3651 passivo
1204 3578 1235 3630 in

166 3657 335 3711 exacerbatus
354 3657 454 3713 iudicio
474 3657 508 3712 de
526 3672 612 3713 morte
629 3660 679 3713 lilii
723 3673 775 3724 tus,
791 3673 817 3714 et
830 3659 980 3733 adjectivo'
973 3679 1001 3713 m
1016 3659 1070 3712 ttae
1084 3659 1163 3712 simul
1177 3677 1234 3711 res·

166 3736 208 3790 sui
224 3737 337 3790 Drusi·
722 3739 858 3813 pondent;
868 3761 895 3794 v.
916 3759 940 3814 g.
960 3742 1107 3803 ἀτιῖιιστος,
1122 3738 1168 3810 qui
1185 3757 1236 3790 non

208 3815 273 3869 Cn.
284 3817 410 3871 LXXVI.
426 3835 451 3870 ι.
463 3817 595 3888 Nihiljam
608 3821 681 3887 r'nsec·
719 3823 838 3892 perfectus
848 3833 895 3884 est,
911 3833 970 3886 aut,
983 3820 1030 3893 qui
1039 3819 1125 3890 perfici
1135 3837 1183 3871 non
1189 3837 1237 3889 po·

170 3907 220 3947 tum
235 3897 343 3950 Metello.
364 3897 439 3952 Nihil
459 3916 514 3951 esse
534 3897 607 3970 quod
622 3899 680 3953 Me·
725 3913 777 3955 test.
792 3901 891 3956 Confer
905 3915 961 3954 not.
981 3921 1006 3954 ι.
1021 3918 1078 3972 cap.
1095 3899 1173 3952 vm.

168 3975 246 4029 tellus
261 3976 414 4032 facerenon
426 3991 522 4051 posset.
538 3979 634 4032 Donat.
647 3978 681 4032 ud
766 4001 792 4036 ι.
815 3983 907 4034 Prelio
929 3984 1039 4032 intentos.
1064 3977 1107 4032 Ad
1129 3991 1239 4034 ιιιοιιιιε

168 4055 682 4132 Ter.Enu.111,5‚uo:«Amorecogem
710 4059 896 4134 'pugnandum
909 4073 1022 4134 paratos.
