2950 4648
436 402 503 468 DE
531 401 637 470 REP.
666 401 999 470 ORDINANDA.
1171 407 1241 498 491

244 533 284 599 V.
308 533 361 600 De
375 554 456 626 pace
474 531 636 602 firmanda
653 535 810 628 quoniam
823 547 924 627 tuque
936 547 970 602 et
989 557 1102 602 omnes
1117 535 1164 602 tui
1179 537 1246 630 agi·

187 639 281 726 tatis3
302 639 445 733 primum
463 638 514 727 id,
534 665 660 734 quaeso,
676 640 863 730 considera,
879 639 974 735 quale
997 639 1031 708 id
1050 641 1107 728 sit,
1123 639 1164 708 de
1178 667 1245 736 quo

188 743 354 814 consultas
369 772 377 813 ε
393 747 455 833 ita,
474 746 568 817 bonis
581 745 759 842 malisque¹
775 747 920 836 dimotis,
934 748 1059 843 patenti
1073 749 1126 816 via
1140 747 1182 816 ad
1195 773 1248 816 ve·

189 877 263 920 rum
283 877 408 948 perges.
431 855 504 948 Ego
523 856 568 924 sic
590 856 777 924 existumo:
797 856 956 950 quoniam
974 869 1047 924 orta
1065 855 1176 924 onmia
1196 855 1246 922 in·

189 973 335 1046 tarcum,
347 983 413 1052 qua
427 973 621 1056 tempestate
634 963 709 1031 urbi
723 986 867 1032 romanae
884 961 988 1030 latum
1004 960 1120 1030 excidii
1131 960 1249 1029 adven

189 1065 285 1152 tant,
306 1067 393 1134 cives
412 1091 488 1136 eum
512 1069 638 1138 civibus
660 1093 777 1138 manus
796 1083 1023 1148 conserturos;
1041 1069 1086 1136 ita
1103 1066 1249 1136 defessos

189 1185 223 1238 et
241 1195 421 1268 exsangues
440 1174 509 1268 regi
531 1189 589 1244 aut
611 1176 736 1244 nationi
753 1175 872 1270 predae
896 1174 1046 1244 futuros:
1069 1171 1162 1242 aliter
1180 1197 1247 1241 non

188 1277 278 1344 orbis
293 1293 473 1364 terrarum,
487 1302 592 1372 neque
610 1290 738 1346 cunctae
756 1297 869 1370 gentos
883 1279 1103 1370 conglobatae,
1115 1303 1249 1346 movere

189 1397 247 1452 aut
269 1384 472 1452 contundere
498 1399 624 1478 queunt
650 1383 715 1452 hoc
743 1383 925 1476 imperium.
951 1381 1126 1450 Firmanda
1149 1385 1251 1477 igitur

189 1503 267 1558 sunt
286 1505 319 1557 et
335 1489 519 1559 concordiae
534 1491 640 1578 bona,
658 1505 692 1559 et
710 1489 880 1560 discordiae
893 1488 979 1558 mala
993 1487 1194 1584 expellenda.
1209 1488 1250 1556 ld

187 1597 234 1664 ita
251 1599 397 1684 eveniet,
417 1599 443 1666 si
465 1611 633 1666 sumtuum
658 1611 692 1666 et
712 1593 920 1690 rapinarum²
939 1594 1104 1664 licentiam
1128 1595 1252 1664 demse-

189 1703 248 1784 ris3
271 1728 339 1772 non
360 1701 402 1772 ad
425 1717 538 1772 vetera
558 1705 705 1773 instituta
727 1727 904 1789 revocans,
926 1703 1085 1797 quaejam
1103 1701 1251 1796 pridem,

190 1810 354 1904 corruptis
369 1810 533 1898 moribus,
555 1809 696 1879 ludibrio
716 1823 811 1894 sunt3
828 1809 885 1879 sed
896 1811 923 1878 si
936 1833 1027 1878 suam
1047 1809 1165 1902 ouiqtre
1181 1832 1251 1876 rem

189 1913 384 1984 familiarem
403 1915 503 1984 finem
520 1932 688 1986 sumtuum
708 1918 861 1986 statueris
879 1917 1061 2009 :quoniam
1079 1916 1106 1983 is
1120 1915 1252 1983 incessit

189 2047 278 2109 mos,
301 2035 340 2090 ut
359 2023 509 2092 homines
529 2023 782 2110 adolescentuli,
807 2047 866 2092 sua
885 2035 984 2115 atquc
1004 2021 1111 2090 aliena
1129 2045 1251 2090 consu·-

190 2151 299 2216 mere‚
320 2128 403 2197 nihil
423 2128 562 2198 lubidini
580 2145 678 2224 atque
696 2128 766 2200 aliis
784 2129 979 2224 rogantibus
1000 2127 1163 2220 denegare
1179 2125 1250 2220 pul·

164 2300 166 2304 .
190 2233 403 2304 cherrumum
417 2249 550 2330 putent3
561 2235 634 2305 ea'm
646 2237 802 2304 virtutem
816 2251 850 2304 et
859 2233 1117 2328 magnitudinem
1134 2235 1251 2318 animi,

188 2339 351 2433 pudorem
372 2356 471 2436 atque
491 2343 683 2412 modestiam
704 2367 766 2437 pro
788 2341 937 2412 socordia
956 2354 1138 2408 aestument.
1162 2342 1251 2432 Ergo
1324 2357 1325 2361 ’

190 2447 318 2516 animus
334 2447 442 2534 ferox,
460 2473 565 2544 prava
579 2451 634 2518 via
646 2451 827 2546 ingressus,
845 2449 903 2516 ubi
920 2461 1078 2516 consueta
1089 2471 1156 2515 non
1175 2469 1251 2538 sup·

190 2567 327 2646 petunt,
348 2554 453 2624 fertur
469 2579 626 2626 accensus
643 2557 678 2624 in
696 2557 804 2625 socios
823 2554 941 2644 modo,
961 2553 1061 2622 modo
1084 2555 1118 2622 in
1138 2552 1252 2620 cives:

190 2675 304 2728 movet
318 2663 520 2756 composita,
538 2678 572 2732 et
590 2688 642 2734 res
655 2687 758 2732 novas
776 2663 943 2732 veteribus
957 2645 1126 2756 acquirit³.
1139 2659 1254 2746 Quare

191 2851 364 2903 existima-
375 2853 482 2923 Quarum
491 2867 562 2918 atas,
573 2869 622 2910 etc.
632 2856 702 2922 Quia
747 2867 819 2908 tuan.
832 2853 860 2907 si
871 2854 963 2907 feceris
975 2865 1005 2906 ut
1017 2870 1097 2905 nemo
1107 2851 1185 2923 plura
1195 2869 1255 2902 ero·

192 2944 348 2980 senescunt.
744 2948 789 3006 get
803 2947 1097 3004 acconsumat,quam
1112 2949 1153 2984 res
1178 2929 1254 2982 lami·

234 3007 298 3061 Car.
320 3009 356 3060 V.
385 3028 409 3062 r.
425 3011 500 3062 Bonis
522 3015 644 3085 malisque.
667 3017 700 3068 In
744 3015 817 3068 liaris
831 3015 941 3086 patitur.
957 3044 998 3058 -
1013 3015 1078 3065 Eam
1093 3016 1205 3063 obturem
1206 3046 1253 3060 .....

195 3097 277 3138 neutro
291 3090 701 3159 genere:commodisetineom·
746 3105 875 3146 accurrerat.
896 3095 947 3145 Sua
960 3103 1039 3162 atque
1059 3091 1143 3141 aliena
1158 3105 1252 3140 consu-

194 3164 288 3220 modls·
744 3191 817 3226 mere
840 3173 966 3225 virtutem
990 3183 1018 3223 et
1046 3165 1253 3238 magnitudinem

235 3265 260 3299 a.
281 3247 405 3300 Sumtuurrr
424 3261 450 3300 et
469 3253 625 3320 rapinarum,
651 3263 700 3305 etc.
745 3246 1142 3320 animiexistimant5pudorem
1151 3264 1216 3298 vero
1228 3257 1254 3297 et

195 3323 237 3377 Ad
246 3325 297 3379 hoc
307 3329 417 3399 Rupert.
431 3328 702 3383 «Causaadiscordiae
744 3329 903 3382 modestiam
930 3349 979 3400 pro
1006 3325 1125 3380 socordia
1146 3325 1252 3376 habent.

194 3423 226 3456 ex
240 3405 329 3460 abdito
341 3409 419 3462 eruit.
430 3410 498 3462 Nam
508 3427 539 3462 ex
552 3410 702 3482 sumptibus
745 3411 785 3463 De
798 3409 850 3461 hoc
865 3427 915 3460 usu
935 3405 1135 3459 demonstrativi
1154 3421 1253 3476 prono-

194 3499 305 3556 egestas‚
317 3506 348 3539 ex
359 3501 471 3560 egestate
480 3489 595 3562 rapinae,
605 3509 621 3542 e
631 3490 702 3558 rapi·
744 3489 836 3556 minis,
850 3486 911 3540 vide
924 3487 1001 3540 Catil.
1015 3485 1120 3550 LVIII,
1135 3503 1163 3536 n.
1179 3484 1223 3535 18.

195 3565 236 3617 nis
254 3565 392 3622 discordiae
411 3571 546 3625 oriuntur.
567 3597 578 3618 ι
601 3601 642 3614 -·
658 3570 705 3623 Aa
787 3569 813 3622 3.
840 3569 888 3620 Res
910 3586 982 3620 noras
1001 3565 1120 3618 veteribus
1142 3565 1251 3636 acquirit.

194 3650 403 3703 auterar'rutr'tuta.
413 3651 540 3723 Intelligit
550 3653 619 3722 leges
630 3670 702 3704 sum·
746 3649 835 3702 Vertit
847 3649 880 3701 cl.
897 3649 998 3700 Dureau
1011 3643 1041 3698 da
1057 3647 1081 3697 la
1095 3643 1180 3697 Malle.
1195 3669 1207 3688 ι
1220 3641 1253 3694 Its

196 3725 311 3794 ptuarias
324 3741 351 3782 et
370 3729 481 3784 cibarias
492 3770 500 3799 ,
512 3749 570 3803 quae
585 3729 703 3800 dudum,
746 3728 867 3800 saarfierrt
880 3729 906 3780 la
912 3731 1012 3797 fortune
1024 3726 1054 3778 de
1066 3727 1136 3778 Γέται
1144 3743 1208 3794 pour
1219 3741 1255 3772 re·

195 3803 439 3874 Mantuanorum,
453 3811 644 3864 obsoleverant
658 3812 703 3864 Eis
747 3812 809 3864 letter
823 3811 847 3860 la
866 3810 932 3872 leur,·
949 3835 960 3856 ι
983 3807 1138 3876 confertque
1157 3823 1188 3856 ex
1203 3803 1254 3855 Ca·
1349 3803 1352 3810 '

195 3883 250 3936 Vim
261 3905 335 3940 suam
348 3887 494 3944 reddidisse
503 3892 632 3946 Caesarem
642 3911 703 3944 nar·
747 3892 839 3954 tilius,
854 3901 937 3941 uetera
955 3889 1038 3950 odere,
1058 3905 1119 3938 aava
1132 3893 1254 3955 exoptant.

196 3977 238 4014 rat
257 3964 327 4022 Suet.
348 3988 488 4023 xa111.-
510 3973 639 4026 Beroeam.
661 3973 702 4024 Sc.
747 3969 798 4024 Sed
813 3989 867 4023 non
887 3969 954 4022 mihi
975 3965 1083 4039 quidem
1103 3965 1164 4018 satis
1183 3973 1255 4035 patet

198 4055 333 4114 sumptus,
341 4050 381 4100 vel
391 4069 485 4103 mores.
498 4053 571 4105 —F
570 4057 630 4104 inem
640 4071 703 4104 sum·
747 4049 894 4104 similitudo
898 4069 907 4116 ;
914 4068 962 4102 nec
972 4045 1050 4101 video
1059 4043 1194 4118 quomodo
1203 4063 1254 4095 vox
