2942 4662
236 372 309 461 540
507 374 682 445 VARIAE
714 373 1021 442 LECTIONES

233 517 259 558 et
273 505 305 558 C.
320 503 388 557 Num
401 504 437 571 A,
450 503 492 571 D,
505 504 542 569 E,
564 516 590 557 et
606 503 682 556 multi
696 501 768 575 opud
783 503 894 556 Huverc.
916 515 943 556 et
958 503 1032 556 Cotti
1049 505 1160 573 egregius
1173 503 1256 558 lectis
1270 507 1292 558 Β

233 584 315 636 etalii
331 584 463 650 Coruini,
477 588 585 654 egregiis
593 586 690 652 suetus,
703 584 780 636 mele.

276 665 343 734 Quin
358 665 394 715 Iris
409 664 521 733 indiguus
537 665 675 716 dicionem
676 702 733 718 ......
750 663 881 716 iubenum.
894 689 905 710 ι
918 663 984 732 Quiu
1000 663 1051 723 Ιώ,
1065 661 1182 732 intellige
1196 662 1295 716 nobili·

235 745 294 796 bus.
307 771 318 792 ι
333 745 446 796 Brronr.
462 743 587 797 Ceterum
601 744 711 798 liarerc.
725 742 833 796 Curtius
847 755 874 796 ct
886 755 999 814 quatuor
1012 742 1114 807 nostri,
1130 747 1187 814 quin
1199 747 1221 793 t's
1234 743 1296 795 mdi-

235 842 306 893 guu-
325 824 361 888 B,
377 836 403 876 et
416 824 504 895 plures
522 824 660 890 Cortiuni,
677 827 736 894 quin
749 823 870 893 mugnus.
890 821 969 876 Unde
984 821 1110 892 suspicari
1124 822 1187 875 licet
1201 822 1296 876 melius

237 902 410 973 rejiciendum
425 923 495 970 esse,
509 923 555 956 seu
566 906 617 966 iis,
633 923 679 956 seu
693 907 721 956 is.

277 983 342 1035 Cir.
359 984 443 1037 LXV.
462 985 506 1036 uu
517 986 709 1036 contumeliarum
729 987 876 1054 imperatoris
890 1001 941 1036 curt
958 1001 1001 1034 suo
1021 982 1114 1034 auclino
1127 1001 1211 1051 pones
1220 993 1297 1051 petet.

239 1061 280 1114 Sic
292 1063 399 1116 Cottius
410 1083 441 1116 ex
452 1076 566 1135 quatuor
580 1065 656 1118 MSS.
670 1064 780 1116 Hursrc.
795 1068 820 1116 in
835 1067 1012 1132 impertitorem,
1028 1060 1101 1133 quod
1117 1080 1173 1113 non
1185 1061 1300 1114 lstinnn

239 1153 278 1194 est
297 1160 303 1195 :
325 1143 383 1214 quIs
398 1144 469 1196 enim
489 1143 570 1211 dixit,
587 1164 669 1214 ponus
683 1156 763 1214 petere
778 1147 803 1196 in
820 1144 944 1215 eliquetur²
964 1143 1107 1206 preterea,
1131 1159 1221 1194 smsns
1242 1152 1296 1206 est,

236 1234 327 1292 petere
345 1242 434 1292 poenos
450 1219 513 1286 (vel
529 1221 676 1288 ultionem)
692 1224 910 1276 contumeliorum
927 1223 960 1275 ab
980 1222 1139 1292 imperatore
1157 1221 1299 1272 illaturum.

238 1302 317 1354 Multi
329 1303 449 1356 Cortiani
460 1317 486 1357 et
498 1323 589 1358 omues
601 1305 700 1368 nostri,
714 1307 857 1374 urguet-utcu.
868 1301 956 1356 Ceteri
967 1300 1037 1374 opud
1049 1303 1123 1356 Cort.
1137 1305 1302 1372 impertitorem

240 1373 251 1448 ζ
265 1382 321 1435 elne
334 1385 519 1455 prepositione
529 1382 556 1450 )‚
571 1397 616 1438 eut
630 1388 776 1455 imperatore.

278 1462 307 1514 Si
320 1463 441 1532 Iugurtha
453 1477 537 1534 captio
551 1478 595 1516 aut
606 1469 704 1516 ooetsus.
717 1464 828 1516 Haverc.
843 1459 931 1528 addit,
941 1464 1027 1530 sciret,⁸
1040 1455 1129 1534 quod,
1140 1477 1224 1532 quum
1238 1477 1301 1512 mox

240 1556 374 1608 recurret,
385 1555 456 1595 recte
471 1545 533 1596 hinc
548 1543 646 1597 delerit
659 1545 773 1597 Cottius.

279 1622 343 1674 Cur.
365 1623 464 1675 LXVI.
486 1624 569 1686 Dein,
586 1628 720 1694 compositis
741 1629 803 1676 inter
815 1642 841 1674 se
853 1622 937 1684 relus,
954 1621 1016 1672 diem
1036 1624 1130 1672 tertium
1146 1623 1301 1672 constituunt.

237 1701 349 1754 Haverc.
372 1715 399 1754 et
420 1721 511 1754 omnes
531 1703 633 1768 nostri,
655 1708 681 1755 iu
698 1705 760 1756 diem
782 1707 884 1755 tertuum
907 1702 1014 1755 Curtius
1036 1698 1109 1753 delet
1125 1704 1165 1761 in,
1185 1711 1212 1752 et
1226 1717 1302 1751 suum

239 1780 380 1833 lectionem
393 1782 521 1853 elegantia
530 1795 556 1835 et
567 1801 641 1836 more
653 1783 841 1836 historicorum
853 1794 952 1836 tuetur.
966 1779 1128 1833 Adrerbum
1142 1782 1299 1841 constiterunt,

240 1860 321 1930 aliqui
336 1859 414 1914 codd.
429 1861 542 1922 addunt.
560 1863 661 1926 eaedem,
679 1877 724 1916 ant
734 1866 884 1923 mulonem,
900 1874 945 1914 eut
958 1862 1150 1927 intersectionem

281 1941 344 1993 Cur.
372 1942 485 1996 LXVII.
511 1944 653 2014 Templiiru,
678 1963 739 1996 uuus
757 1963 788 1995 ee
806 1942 912 1994 omnt'bru
927 1941 1029 1994 luteis.
1044 1939 1156 1992 llorere.
1180 1939 1206 1990 T
1204 1940 1304 2009 rupilius

236 2022 373 2088 prefectus.
393 2022 521 2076 Ultimum
536 2023 604 2076 hauc
619 2042 712 2077 vocem
727 2023 835 2078 Curtius
848 2022 951 2088 omisit,
970 2021 1027 2075 siue
1040 2018 1124 2073 dubio
1137 2019 1250 2090 glossam
1265 2037 1305 2072 re·

240 2111 289 2152 tus.
303 2101 369 2153 Eam
383 2103 466 2156 nostri
478 2122 571 2158 omues
579 2103 687 2157 habeut.

280 2181 350 2244 Nisi,
369 2185 425 2254 quia
440 2183 478 2234 illi
478 2223 533 2238 ......
542 2189 617 2254 turpis
630 2187 685 2235 uita
695 2186 766 2252 samu
781 2188 876 2254 integre
884 2185 966 2254 potior
966 2221 1013 2236 .....
1023 2180 1135 2234 Htverc.
1143 2182 1304 2252 ponorsuit:

241 2259 305 2312 item
319 2274 433 2332 quatuor
445 2265 539 2317 nostri.
555 2265 592 2330 B,
600 2268 682 2336 potior
693 2277 754 2317 erat.
770 2265 863 2335 Neque
872 2265 939 2331 fuit,
955 2281 1042 2334 neque
1057 2273 1110 2312 emt
1124 2261 1257 2331 scripsisse
1269 2260 1308 2312 ri·

241 2338 320 2393 dettn·
334 2342 479 2397 Sallustius.
496 2345 620 2397 Ceterum
638 2346 768 2415 conjunge
783 2347 841 2406 nisi,
855 2362 917 2396 curn
937 2343 1048 2403 videtu,
1062 2341 1114 2395 hoc
1129 2338 1230 2393 ruodo:
1244 2339 1309 2392 iiluui

239 2439 325 2489 parum
349 2427 523 2493 comperimus,
545 2427 592 2476 niti
593 2464 639 2478 .....
663 2425 780 2495 improbus
797 2423 983 2494 intestabilisque
998 2421 1102 2474 uidetur.
1120 2421 1232 2490 Vulgo,
1254 2419 1307 2472 hoc

242 2519 338 2565 sensu,
361 2501 460 2556 dicitur
479 2508 526 2556 nui
547 2505 612 2576 quod
616 2525 626 2566 ‚·
643 2502 689 2557 sed
703 2523 759 2556 non
774 2503 870 2557 desunt
884 2502 1019 2574 exemplu,
1037 2501 1084 2554 ubi
1102 2500 1167 2574 quod
1180 2501 1307 2552 ominum

243 2582 283 2633 sit.
300 2582 406 2637 Terent.
427 2582 540 2654 Adelph.
561 2603 604 2650 rr,
628 2585 733 2650 5,64:
752 2610 764 2632 ι
779 2585 891 2648 Nesci03
910 2583 981 2648 nisi,
997 2581 1059 2653 quie
1074 2593 1129 2634 tum
1144 2579 1239 2632 misere
1255 2579 1308 2633 hoc

241 2661 321 2732 cupio
335 2680 390 2714 esse
403 2681 512 2729 verum,
521 2683 553 2716 eo
566 2682 661 2717 vereor
670 2665 759 2736 magis.
770 2690 781 2712 ι
797 2665 852 2717 Nos
867 2661 975 2735 quidem
990 2661 1042 2714 hoc
1055 2679 1070 2712 e
1081 2661 1175 2714 Curtio
1187 2659 1307 2712 citemus.

244 2739 312 2792 Nam
333 2741 361 2792 in
377 2743 434 2796 eliis
446 2744 554 2796 Terent.
565 2742 626 2796 edd.
642 2741 716 2798 deest
730 2747 785 2796 nisi.
803 2745 928 2800 Ceterum
943 2741 1018 2796 facile
1033 2757 1124 2812 perse
1136 2739 1309 2810 intelligitur,

243 2837 290 2872 cur
306 2819 409 2874 Sallust.
429 2835 455 2874 et
472 2829 577 2876 Terent.
596 2824 735 2878 omiserint
749 2824 821 2896 quod.
842 2825 940 2878 Parum
954 2823 1026 2876 euim
1041 2821 1145 2892 elegans
1160 2820 1244 2872 inerit
1261 2822 1309 2872 nisi

242 2899 319 2970 quod,
334 2905 399 2972 qum.

285 2979 349 3031 Cle.
366 2981 464 3033 LXIX.
477 2981 506 3034 V
504 3001 621 3046 aceruo,
638 2985 679 3036 ubi
693 2989 797 3037 animum
808 2984 939 3040 advortere.
949 2982 993 3035 Sic
1009 2981 1117 3034 Curtius
1130 2992 1157 3032 et
1171 2980 1257 3032 nostri
1271 2979 1311 3044 A,

246 3059 277 3110 C.
293 3058 404 3112 Havete.
421 3073 448 3113 et
459 3061 569 3132 reliqui,
583 3065 776 3118 animaduertere.

284 3138 349 3192 Ciu.
372 3140 457 3194 Lxx.
480 3143 606 3196 Hominem
628 3144 742 3208 nobilem,
761 3147 853 3215 magonis
867 3143 967 3214 opibus,
984 3160 1066 3194 aarum
1082 3151 1249 3211 uocepnunque
1264 3157 1313 3208 po-

242 3219 368 3291 pulariIus
381 3225 437 3274 suis.
452 3221 564 3278 Haverc.
580 3236 607 3276 et
621 3225 705 3278 nostri
720 3226 953 3296 quatuor,ma3m's
968 3221 1051 3292 opibus
1063 3220 1167 3280 cunm.
1181 3229 1315 3289 παρίω

246 3320 291 3372 que
301 3301 464 3371 popularibus.
477 3303 516 3371 Β,
530 3317 669 3376 corrupte,
685 3317 850 3376 receptioneque
866 3303 955 3354 ιὶαηαη
967 3300 1132 3372 popularibus.
1148 3299 1258 3354 coruus
1271 3297 1314 3350 his

245 3381 372 3452 exemplis
389 3401 463 3436 suam
478 3383 620 3438 lectionem
633 3397 737 3438 tuettu:
750 3383 828 3436 Catil.
843 3383 979 3434 XLVIII:
997 3379 1164 3434 «Hominem
1176 3378 1316 3444 nobilem,

248 3464 363 3514 maxumis
378 3461 481 3524 divitiis.
498 3483 589 3518 summa
601 3469 717 3535 potentia.
730 3490 741 3512 ι
762 3463 888 3534 Iugurth.
904 3459 1013 3514 XXXI:
1035 3459 1183 3512 1Homines
1202 3457 1315 3511 eodm·

247 3540 365 3616 liupuni,
374 3547 477 3598 cruentis
488 3544 608 3606 munibus,
622 3547 720 3596 immani
732 3547 850 3605 ανωὶιὰις
862 3568 873 3589 ι
886 3554 913 3594 et
926 3541 1029 3594 LXIII:
1044 3567 1054 3588 ι
1064 3540 1156 3594 Novus
1167 3556 1248 3590 nemo
1258 3550 1315 3590 ttm

247 3620 333 3673 clarus
343 3659 351 3686 ‚
362 3640 448 3694 neque
462 3635 517 3676 tem
532 3628 634 3694 egregit}
649 3627 719 3680 sactis
735 3637 797 3678 eret.
813 3649 823 3670 ι
842 3623 925 3690 Nam,
936 3620 1024 3693 pergit
1038 3620 1096 3684 ille,
1110 3637 1180 3672 carus
1195 3629 1315 3688 mustus·

250 3719 294 3772 que
309 3713 348 3754 est
362 3719 394 3754 ex
409 3703 538 3767 formula,
554 3715 581 3756 et
600 3703 722 3758 Sallustio
735 3702 894 3757 adamatum.
910 3702 971 3772 lug.
984 3699 1060 3754 XII:
1078 3723 1090 3747 ι
1100 3699 1155 3764 Qui
1169 3715 1316 3770 proxumus

249 3779 327 3834 lictor
342 3781 481 3853 Jugurthu
491 3819 499 3848 ,
509 3802 578 3835 canu
593 3797 748 3857 acceptusque
762 3802 865 3854 semper
881 3783 983 3846 luerem
998 3807 1009 3827 ι
1029 3793 1056 3833 et
1071 3777 1163 3832 CVIII
1175 3795 1190 3836 τ,
1200 3777 1316 3829 «Mauro

249 3859 286 3911 ob
301 3861 401 3932 ingenii
423 3863 507 3916 mtdte
522 3863 592 3916 bont
609 3883 678 3918 cartu
702 3876 864 3934 accepttuque.
887 3889 898 3910 ι
926 3859 1073 3931 Sepiuime
1093 3869 1181 3911 tutem
1200 3875 1272 3908 catut
1288 3868 1316 3908 el

248 3938 328 3990 clerus
342 3941 369 3993 in
382 3940 457 3994 MSS.
470 3955 664 4013 permutantur.

288 4019 395 4072 Proemta
409 4021 504 4076 Metelli
516 4025 542 4076 in
553 4035 642 4094 pestem
660 4043 689 4077 ne
704 4035 854 4078 renumeret.
870 4021 946 4076 Hunc
956 4019 1098 4076 lectionem
1112 4015 1220 4072 Cottius
1232 4035 1247 4070 e
1260 4014 1313 4070 mis
