2942 4662
245 432 317 506 502
588 435 942 506 DECLAMATIO

242 567 389 638 miratur.
410 565 497 636 Nam
515 565 604 661 quod
626 568 687 637 ista
701 567 853 636 inusitata
864 567 954 636 rabie
968 564 1153 661 petulanter
1164 568 1199 638 in
1214 593 1296 640 1110·

242 697 314 742 rem
335 686 369 742 et
390 672 423 742 iu
443 671 543 744 filiam
562 697 669 744 meam
687 673 850 761 invasisti,
864 697 936 767 quae
951 671 1076 744 facilius
1095 675 1294 747 semulicrcs

242 803 262 848 a
284 779 361 848 viris
383 777 627 868 abstinuertmt,
644 805 743 875 quam
762 795 799 850 tu
821 780 907 848 vira
928 781 1025 865 viris;
1048 781 1124 850 satis
1142 779 1241 853 docte
1253 807 1294 854 ac

240 885 346 979 perite
364 884 476 956 fecisti.
495 887 572 958 Non
588 888 675 958 enim
690 913 743 958 me
761 888 896 982 sperasti
914 901 1062 956 mutuam
1080 887 1141 958 tibi
1154 891 1293 984 gratiam

242 989 436 1079 relaturtmr,
451 1007 489 1063 ut
505 993 646 1064 vicissim
657 1009 730 1064 tuas
746 990 986 1088 compellarem.
1007 995 1101 1064 Unus
1114 996 1201 1064 enim
1218 997 1295 1065 satis

241 1120 277 1170 cs
289 1099 432 1170 materiae
442 1099 582 1184 habene
595 1126 701 1196 neque
711 1099 891 1195 quidquam
908 1101 1035 1196 turpius
1049 1114 1101 1169 est
1113 1100 1204 1170 domi
1214 1115 1294 1189 tuae,

241 1227 341 1297 wem
362 1220 407 1276 tu.
430 1205 575 1278 Multum
593 1223 626 1278 te
644 1231 724 1276 vero
742 1208 855 1302 opinio
874 1204 975 1293 fallit,
996 1207 1053 1302 qui
1076 1207 1157 1275 mihi
1174 1207 1296 1302 putasti

240 1332 358 1404 parare
386 1313 542 1384 invidiam
570 1339 610 1384 ex
633 1338 707 1384 mea
730 1339 766 1382 re
789 1311 966 1383 familiari:
988 1337 1060 1408 quae
1086 1311 1192 1382 multo
1214 1313 1294 1382 mihi

240 1417 350 1488 minor
374 1433 442 1506 est,
466 1444 565 1515 quarn
585 1421 707 1490 habere
728 1419 846 1516 dignus
869 1445 953 1490 sum.
978 1421 1087 1514 Atque
1107 1421 1234 1488 utinam
1253 1443 1295 1488 ne

241 1535 333 1593 tanta
353 1524 485 1617 quidem
501 1541 604 1614 esset,
622 1541 744 1621 quanta
761 1541 828 1612 est;
848 1528 897 1595 uti
914 1527 1025 1621 potius
1043 1527 1140 1596 amici
1156 1528 1222 1595 mei
1242 1526 1295 1593 ui·

240 1643 372 1714 vetent,
390 1653 488 1723 quam
511 1656 573 1725 ego
595 1635 799 1702 testamentis
819 1657 936 1702 eorum
956 1631 1150 1727 locupletior
1170 1625 1294 1702 essem!

240 1733 313 1825 Ego
331 1733 447 1829 frigas,
469 1737 585 1830 Crispe
605 1737 763 1809 Sallusti?
784 1740 900 1808 Furori
920 1739 1042 1810 tribuni
1061 1737 1164 1833 plebis
1186 1737 1295 1810 cessi:

239 1837 350 1910 utilius
373 1840 451 1912 duxi
473 1846 623 1937 quamvis
638 1845 806 1914 fortunam
825 1869 911 1916 unus
934 1846 1090 1938 experiri,
1107 1868 1207 1938 mam
1223 1843 1296 1913 uni·

239 1967 337 2014 verso
350 1946 475 2042 populo
492 1975 630 2020 mmano
642 1949 744 2021 civilis
754 1975 860 2020 essem
874 1949 1082 2020 dissensionis
1095 1974 1212 2019 eausa:
1227 1950 1298 2044 qui,

240 2066 454 2148 posteaquam
477 2055 531 2126 ille
551 2083 647 2127 suum
665 2082 790 2126 armum
807 2059 842 2126 in
869 2056 1038 2150 republica
1058 2056 1297 2151 perbacchatus

240 2170 307 2244 est,
334 2161 527 2254 omniaque,
553 2185 626 2255 quae
652 2176 892 2248 commoverat,
914 2178 1052 2255 parcet
1075 2164 1145 2230 otio
1171 2161 1298 2231 resede-

241 2277 338 2350 runt,
360 2265 425 2335 hoc
446 2265 562 2338 ordine
583 2281 779 2353 revocante,
802 2281 900 2361 atque
921 2268 992 2361 ipsa
1008 2265 1177 2362 republica
1198 2291 1297 2337 manu

241 2371 517 2460 retrahentem,
541 2375 670 2444 reverti.
688 2375 756 2462 Qui
774 2373 855 2442 mihi
873 2372 956 2458 dies,
976 2374 1003 2442 si
1023 2398 1097 2444 cum
1112 2375 1204 2444 omni
1225 2373 1296 2442 reli·

240 2498 306 2566 qua
327 2479 394 2548 vita
416 2478 623 2568 conferatur,
643 2481 755 2548 animo
771 2479 903 2572 quidem
925 2503 1000 2549 mco
1021 2493 1175 2573 superet,
1196 2504 1297 2574 quum

241 2582 386 2653 universi
402 2609 479 2671 vos,
493 2585 701 2680 populusque
717 2609 872 2654 maranus
891 2584 1045 2681 frequens
1061 2585 1206 2656 adventu
1224 2609 1297 2654 meo

242 2687 423 2780 gratulatus
442 2703 501 2759 est.

294 2793 355 2862 lv.
375 2797 472 2864 Tanti
480 2818 534 2866 me
552 2793 720 2890 fugacem,
738 2798 977 2868 mercenarium
998 2812 1173 2892 patronum
1192 2797 1228 2866 hi
1241 2821 1297 2866 aes·

242 2895 451 2968 timaverunt.
481 2901 599 2995 Neque
626 2901 760 2972 hercule
782 2903 904 2994 mirum
923 2919 997 2991 est,
1024 2907 1052 2973 si
1078 2929 1142 3000 ego
1170 2927 1299 2998 semper

238 3001 343 3092 justas
358 3007 504 3076 onmium
523 3007 680 3078 amicitias
698 3009 890 3082 existimavi.
910 3012 1094 3082 Nonenim
1115 3012 1173 3080 uni
1194 3011 1299 3104 priva·

242 3107 301 3176 tim
321 3109 492 3183 ancilhtus
511 3138 600 3203 sum,
617 3139 724 3210 neque
738 3139 791 3186 me
811 3116 937 3202 addixi3
954 3115 1011 3187 sad
1029 3131 1189 3212 quantum
1207 3119 1298 3211 quis-

243 3237 308 3306 que
324 3217 510 3313 reipublice
533 3221 674 3312 studuit,
692 3237 819 3294 tantum
839 3223 921 3294 mihi
938 3223 1001 3294 fuit
1020 3239 1079 3296 aut
1098 3225 1223 3294 amicus
1245 3235 1302 3292 aut

243 3320 403 3394 inimicus.
424 3329 496 3420 Ego
511 3326 591 3398 nihil
610 3327 684 3423 plus
698 3329 789 3399 volui
803 3328 913 3400 valere
935 3353 1033 3423 quam
1053 3355 1190 3424 pacem;
1206 3327 1301 3399 multi

243 3429 450 3518 privatorum
482 3433 633 3504 audacias
666 3437 885 3504 nutriverunt.
915 3438 987 3530 Ego
1014 3433 1093 3506 nihil
1116 3435 1210 3504 timui
1240 3433 1301 3504 nisi

242 3528 356 3626 leges3
377 3537 474 3608 multi
501 3563 592 3610 arma
619 3565 677 3610 sua
702 3543 808 3613 timeri
827 3539 1013 3610 voluerunt„
1035 3543 1107 3635 Ego
1129 3563 1300 3633 nunquam

242 3637 333 3710 volui
361 3644 538 3738 quidquam
560 3671 675 3739 posse,
698 3649 760 3716 nisi
786 3672 849 3742 pro
876 3647 970 3717 vobis
992 3673 1002 3736 3
1022 3646 1116 3716 multi
1144 3671 1185 3714 ex
1206 3645 1300 3716 vobis

243 3749 390 3837 potentia
410 3749 505 3834 freti,
523 3751 558 3820 in
574 3775 634 3822 vos
650 3753 716 3822 suis
734 3754 859 3824 viribus
877 3753 969 3824 abusi
990 3768 1076 3824 sunt.
1098 3755 1215 3847 Itaque
1233 3775 1302 3822 non

243 3864 293 3918 est
307 3855 445 3942 mirum,
463 3857 489 3926 si
510 3854 630 3926 nullius
650 3861 794 3930 amicitia
812 3885 890 3932 usus
912 3885 1000 3948 sum,
1018 3863 1073 3956 qui
1094 3885 1161 3930 non
1183 3883 1300 3954 perpe·

244 3959 504 4052 tuoreipublicae
517 3964 642 4033 amicus
656 3965 740 4036 fuit:
758 3993 865 4064 neque
880 3993 934 4038 me
952 3969 1105 4064 poenitet,
1122 3968 1149 4036 si
1166 3979 1224 4034 aut
1242 3989 1300 4058 pe·

245 4064 326 4130 tenti
347 4065 484 4143 Vatinio
503 4095 560 4140 reo
581 4075 801 4165 patrocinium
823 4074 986 4170 pollicitus
1010 4101 1104 4162 sum,
1121 4087 1180 4142 aut
1199 4069 1299 4142 Sextii
