2916 4630
474 392 652 463 GENUS
682 393 745 462 ET
770 393 903 464 VITA.
1149 421 1216 471 121

156 527 325 602 eonsilium
347 527 488 596 monuit
510 528 650 614 Cicero,
671 551 732 596 nce
749 527 820 621 ejus
839 513 997 597 nomini¹⁸
1015 529 1086 600 baec
1108 557 1220 601 macu-

154 635 187 706 la
204 636 371 722 adhaeret,
389 648 427 702 ut
448 659 509 730 pro
532 632 671 704 Catilina
692 633 817 702 dixerit.
841 635 910 725 Qui
931 651 1042 706 tamen
1060 663 1127 707 non
1146 639 1220 709 ideo

154 742 264 813 minus
283 739 453 812 absolutus
469 755 527 810 est.
548 743 635 812 Nam
658 742 877 834 patrocinium
900 741 1032 837 aliquod
1058 744 1221 834 babebat,

154 851 245 918 omrii
266 851 387 919 certius
405 862 440 916 et
459 847 624 918 efficacius
646 845 854 941 eloquentia:
874 863 1021 946 ereptam
1043 853 1221 946 provinciae

153 957 350 1051 pecuniam,
372 969 505 1050 paratos
530 956 756 1049 corrumpenti
779 953 928 1048 judica,
950 959 1221 1050 praevaricantem

153 1077 378 1131 accusatorem
392 1059 425 1129 ¹⁹.
443 1063 550 1156 Igitur
568 1060 675 1131 Clodii
687 1075 721 1129 et
733 1061 882 1153 judicum
898 1062 1031 1132 infamia
1050 1064 1116 1134 hoc
1135 1065 1220 1158 judi-

153 1168 205 1238 cio
227 1167 386 1238 liberatus
397 1165 435 1257 ²⁰,
453 1193 556 1263 quum
576 1167 670 1238 malis
684 1167 809 1237 artibus
827 1181 861 1236 et
878 1193 1006 1238 summa
1027 1171 1169 1240 ambitus
1184 1169 1220 1239 li·

153 1276 260 1343 centia
281 1273 489 1346 consulatum
510 1289 662 1370 peteret,
684 1289 799 1346 contra
818 1299 895 1344 eum
916 1289 950 1344 et
967 1275 1107 1345 alterum
1130 1303 1220 1346 com-

153 1384 327 1475 petitorem
360 1385 398 1452 C.
425 1383 634 1470 Antonium,
658 1387 694 1450 in
721 1397 806 1478 toga
831 1364 984 1452 candala
996 1437 1008 1470 ,
1038 1385 1221 1452 orationem

152 1488 240 1582 apud
262 1503 412 1558 senatum
432 1489 547 1558 babuit
568 1491 708 1578 Cicero,
728 1513 793 1584 qua
810 1491 1075 1562 commemoratis
1101 1491 1221 1560 utrius·

151 1619 216 1688 que
235 1595 365 1690 flagitiis
384 1598 575 1692 petitionem
597 1622 713 1667 corum
734 1595 955 1668 labefactaret

202 1703 320 1772 Paucis
335 1727 416 1772 vero
429 1718 605 1799 postquam
625 1703 790 1799 repulsam
804 1704 931 1774 tulisset
947 1705 1113 1775 mensibus
1132 1706 1220 1774 Cati-

151 1804 230 1897 lina,
247 1833 324 1878 reus
342 1809 448 1880 factus
466 1825 516 1880 est
532 1817 790 1898 intersicarr'os,
810 1815 882 1881 aL.
900 1809 1072 1889 Lucullo²¹
1084 1826 1222 1908 propter

150 1912 272 2008 Syllani
286 1917 445 2013 temporis
462 1918 578 2008 caedes,
593 1919 779 2014 iterumque
791 1917 962 1988 absolutus
970 1917 1003 1986 ²².
1020 1921 1074 1988 Sic
1090 1919 1133 1988 ad
1146 1916 1221 1987 ulti·

151 2113 245 2170 (tim
260 2129 288 2170 et
308 2118 422 2173 Catilina
435 2119 617 2186 consulatum,
635 2119 663 2172 in
711 2145 723 2168 ι
734 2119 873 2188 ιΙκοΙιιωεδ
885 2118 944 2172 eet?
958 2131 1008 2172 etc.
1021 2144 1032 2166 ι
1044 2120 1103 2174 Asc.
1120 2119 1148 2172 in
1162 2119 1219 2173 Cic.

150 2212 250 2249 annum
266 2199 429 2267 691,eimul
448 2201 583 2271 petebant.
671 2195 674 2201 ’
709 2197 784 2254 Oret.
798 2199 826 2252 in
843 2199 915 2270 Toga
930 2196 1060 2252 Candide.

193 2277 238 2330 18-
255 2277 308 2332 Nee
328 2282 378 2350 ejus
394 2283 499 2346 nomini,
513 2291 558 2333 etc.
575 2279 663 2334 Etiam
755 2297 799 2349 19.
827 2279 1030 2332 Proevarr'eautem
1052 2290 1218 2332 accusatorem.

149 2352 193 2408 bic
208 2358 404 2413 Asconiiverbe
417 2359 599 2413 releremue:‹
613 2361 664 2412 De-
706 2358 816 2423 Cicero,
830 2356 864 2410 de
880 2357 994 2429 Haruep.
1008 2376 1078 2430 resp.
1097 2376 1152 2412 xx:
1172 2360 1220 2414 ιΑ

149 2433 237 2490 fenster
260 2450 299 2491 eet
320 2438 448 2503 Catilina,
467 2453 498 2492 ut
518 2439 662 2494 Fenestella
706 2438 820 2492 Catilina
835 2437 976 2509 pecuniam
991 2438 1147 2509 accepit,ut
1163 2449 1219 2491 tnr-

150 2513 246 2582 tradit,
261 2536 277 2569 e
297 2518 335 2572 Μ.
358 2519 495 2574 Cicerone.
511 2517 593 2586 Quod
613 2539 662 2591 ego
705 2518 813 2589 pissime
828 2518 1054 2590 prevaricaretur.
1068 2543 1079 2564 ι
1095 2518 1221 2572 Praevari-
1327 2556 1332 2570 .

149 2607 179 2646 nt
197 2594 353 2650 addubitem
373 2599 430 2652 bec
450 2600 507 2671 ipsa
527 2600 662 2653 Ciceronis
706 2609 781 2651 catur
793 2610 880 2651 autem
892 2611 1043 2664 aecusator,
1056 2615 1139 2669 quum
1153 2617 1221 2651 men·

149 2676 234 2728 ontio
249 2677 544 2750 faci13maximequod
564 2681 661 2733 iruul-
705 2677 769 2732 cede
792 2690 838 2730 rut
859 2677 909 2732 alie
929 2697 1007 2732 eausa
1027 2675 1167 2744 inductus,
1182 2678 1220 2731 ita

149 2752 201 2807 lam
222 2758 387 2810 mentionem
410 2759 449 2811 rei
470 2759 564 2823 babet,
578 2777 663 2831 quum
705 2759 837 2812 actionem
858 2777 933 2812 suam
956 2758 1084 2824 instituit,
1099 2771 1130 2812 ut
1142 2777 1219 2812 reum

149 2835 401 2904 potueritinvidiam
411 2839 496 2892 lacere
505 2840 662 2910 competito-
705 2838 811 2910 adjuvet
826 2839 932 2910 potine,
948 2857 1028 2910 quem
1043 2839 1190 2910 impugnet.

149 2913 231 2968 rium
238 2916 353 2988 turpiter
360 2915 658 2973 adveranesecoeunti.·
748 2938 792 2975 ιο.
808 2919 865 2972 Hoc
874 2919 969 2989 judicio
985 2919 1105 2972 liberatio.
1122 2919 1156 2984 Q.
1171 2918 1218 2971 ci-

149 2991 182 3046 Et
193 3013 257 3048 mox
272 2995 301 3049 in
321 2997 377 3052 bne
400 2998 536 3052 Ciceronis
556 3001 660 3052 verbe:
705 2997 821 3064 cero,de
831 2998 910 3052 Petit.
920 2999 1029 3053 Conetd.
1043 3025 1054 3046 ι
1066 2997 1118 3052 Sed
1130 3011 1217 3052 tamen

148 3072 213 3126 Nam
227 3087 255 3126 ut
268 3087 291 3128 te
303 3077 353 3130 illie
364 3073 410 3140 (in
420 3076 574 3150 provincia)
581 3098 661 3149 gesse·
705 3079 756 3132 boc
769 3079 835 3132 mibi
847 3098 903 3132 non
911 3077 1169 3150 pretermittendum
1177 3079 1217 3132 vi·

149 3155 195 3214 ris,
209 3173 257 3206 ma
273 3157 350 3208 audeo
363 3157 455 3220 dicere,
468 3163 580 3230 quoniam
591 3160 661 3212 abso-
704 3157 798 3225 detur,
808 3157 881 3230 quod
893 3160 1011 3230 primum
1023 3177 1055 3212 ex
1071 3177 1103 3211 eo
1116 3155 1218 3228 judicio

148 3231 211 3286 laam
226 3255 260 3286 es.
281 3236 397 3290 Mentitoe
413 3257 463 3290 esee
478 3243 566 3310 equites
582 3259 662 3292 roma-
704 3250 759 3292 tam
771 3257 849 3308 egene
864 3235 999 3302 discessit,
1012 3257 1092 3307 φιιπι
1107 3235 1217 3307 quidam

149 3329 201 3374 me,
206 3314 289 3378 salsas
294 3317 372 3382 fuisse
384 3315 484 3370 tabellas
492 3319 662 3372 borresuku'mae
702 3316 867 3388 judicesejue
874 3314 1008 3368 anteillud
1019 3315 1151 3385 judicium
1160 3316 1217 3368 fue-

148 3393 251 3444 civr'tatr's
260 3397 382 3458 mistum,
396 3401 517 3449 mentum
528 3399 561 3467 Q.
576 3399 662 3450 Metel·
703 3409 783 3461 mut;
803 3393 900 3448 deinde
924 3406 978 3446 tam
1002 3392 1164 3459 invidiosus,
1187 3405 1218 3445 nt

149 3472 196 3523 lm
219 3473 306 3537 Pirene,
324 3481 445 3530 mentitam
461 3477 573 3545 Africam
583 3480 662 3545 fuisse
704 3473 777 3529 aliud
788 3477 815 3528 in
826 3493 887 3529 eum
901 3470 1031 3544 judicium
1045 3471 1164 3544 quotidie
1172 3471 1217 3526 fla·

149 3555 226 3604 nescio
239 3555 310 3625 quid,
322 3557 389 3626 opud
407 3558 460 3610 altos
470 3558 564 3628 judices
580 3563 621 3628 qui
639 3571 662 3612 te
703 3557 839 3628 giuretur.
852 3581 863 3602 ι

149 3635 294 3685 innocentem
303 3635 480 3704 judicaverunt.
494 3637 520 3690 O
533 3643 610 3696 miser,
620 3643 662 3710 qui
747 3655 792 3690 ar.
810 3635 837 3688 A
852 3635 883 3688 L·
905 3633 1016 3688 Lrtculln
1039 3632 1168 3688 mmnim
1188 3632 1217 3685 in

148 3729 196 3764 non
210 3715 300 3765 sentias
312 3715 355 3768 illo
365 3716 459 3787 judicio
473 3730 496 3769 te
505 3737 554 3768 non
568 3717 662 3770 absolu·
704 3715 760 3771 cic.
778 3715 852 3769 Orat.
867 3715 896 3768 in
908 3713 982 3786 Toga
997 3711 1126 3768 Candida.

149 3802 212 3857 nne,
230 3811 313 3846 venun
328 3795 364 3847 ad
375 3798 474 3870 aliquod
483 3801 583 3850 severius
593 3797 662 3869 judi·
748 3815 792 3850 aa.
802 3797 937 3869 [tenusque
950 3795 1081 3848 ιόιοὶιιᾱιε.
1097 3793 1154 3846 Cic.
1165 3792 1215 3864 Ep.

147 3877 209 3923 crum
219 3893 249 3924 ae
264 3877 489 3948 mejussnpplieiron
502 3886 660 3932 mereatum!
705 3873 739 3930 ad
753 3876 833 3930 attic.
854 3895 885 3943 1,
905 3879 939 3930 16
958 3895 965 3928 :
982 3899 994 3922 ι
1007 3875 1052 3927 Bi·
1067 3872 1217 3926 ebrolumm

147 3949 180 4002 In
194 3951 251 4005 baec
261 3955 551 4026 ‚inquam,Asconius:
561 3959 660 4012 «vern
704 3975 759 4010 esee
774 3955 934 4023 Lentulum,
943 3955 985 4008 bie
997 3953 1216 4007 Catilinam-Ce-

152 4055 164 4076 ·
174 4047 208 4084 ne
223 4051 288 4103 ergo
301 4035 386 4088 simile
395 4050 435 4090 est
448 4037 505 4094 bec
520 4057 581 4092 eum
592 4037 662 4092 Ceti·
704 4048 791 4090 terum
797 4035 922 4099 Orosius,
931 4053 970 4100 vr,
980 4034 1050 4100 ant
1063 4031 1216 4097 Catilinam,

151 4135 160 4152 ·
175 4109 235 4163 liure
257 4113 388 4182 objicere,
400 4117 422 4170 si
436 4117 482 4171 illo
503 4115 661 4174 defendente
702 4118 757 4188 jam
766 4129 827 4171 ente
840 4114 906 4179 dum
919 4115 976 4170 illas
990 4111 1215 4180 accusationet,in
