2910 4666
541 348 880 418 FRAGMENTA.
1157 354 1227 437 401

171 483 343 556 caeduntur
363 486 449 552 inter
470 484 654 577 potentium
677 481 875 568 inimicitias,
890 477 1044 576 donoque
1065 481 1186 554 dantur
1199 491 1232 556 in

171 593 359 688 provincias
368 589 623 684 magistratibus.
638 591 690 656 lta
703 601 883 682 pugnatur,
896 601 929 654 et
939 589 1083 658 vincitur
1099 597 1211 685 paucis
1224 621 1231 662 :

171 699 301 794 plebes,
319 697 553 792 quodcumque
567 694 703 781 accidit,
722 720 784 789 pro
803 695 898 764 victis
911 707 977 780 est,
988 709 1023 764 et
1037 695 1070 762 in
1085 696 1155 768 dies
1170 726 1235 770 ma·

173 807 224 900 gis
238 808 318 892 erit3
335 807 362 874 si
377 803 510 898 quidem
527 803 652 896 majore
666 825 746 870 cura
758 800 1016 872 dominationem
1033 800 1078 870 illi
1093 809 1235 876 retinue-

172 915 256 998 rint,
268 936 366 1006 quam
382 935 442 979 vos
461 910 679 1004 repetiveritis
693 907 886 976 libertatem.
911 938 928 972 r

227 1021 404 1112 Postquam
425 1041 576 1111 egressus
594 1015 770 1108 angustias.
785 1018 931 1083 Mersus.

226 1125 277 1194 Ad
299 1126 457 1218 Cyzicum
473 1123 619 1218 perrexit
635 1120 784 1190 firmatus
802 1122 913 1189 animi.
931 1122 1035 1192 Idem.

227 1233 275 1300 Ut
292 1233 451 1300 sustinere.
466 1253 608 1323 corpora
628 1225 776 1322 plerique
794 1243 1018 1321 nequeuntes,
1031 1230 1125 1318 fessi,
1145 1257 1238 1305 arma

173 1361 233 1408 sua
254 1339 392 1433 quisque.
412 1350 534 1406 stantes
555 1335 785 1404 incumberent
793 1320 828 1400 ⁴⁴.
849 1334 945 1404 Idem
960 1351 996 1404 et
1008 1339 1151 1408 Servius.

226 1447 274 1512 Ac
298 1445 407 1513 statim
429 1428 601 1538 fugitivi⁴⁵‚
622 1455 739 1510 contra
761 1455 963 1536 praeceptum
988 1441 1100 1532 ducis,
1121 1469 1238 1542 rapere

172 1551 217 1620 ad
234 1566 387 1645 stuprum
405 1549 567 1644 virgines,
586 1561 829 1642 matronasque.
848 1549 992 1618 Nomits.

227 1657 357 1746 Quibus
376 1681 396 1724 a
418 1657 564 1724 Sertorio
586 1652 731 1749 triplices
751 1654 877 1722 insidiae
899 1680 960 1748 per
980 1657 1116 1728 idoneos
1135 1660 1237 1732 saltus

171 1766 287 1859 positae
317 1777 412 1832 erant
436 1788 443 1830 :
470 1764 577 1856 prima
588 1745 625 1849 ⁴⁶,
655 1786 728 1856 quae
752 1761 842 1829 fonte
869 1763 1037 1832 venientes
1060 1768 1236 1860 exciperet.

171 1874 315 1942 Servius.

225 1980 347 2070 Ingens
365 1978 436 2071 ipse
454 1976 576 2043 virium
605 1989 704 2068 atque
719 1974 828 2042 animi.
852 1977 1057 2044 Arusianus.

226 2086 356 2152 Locum
375 2080 519 2166 nullum,
535 2082 596 2150 nisi
613 2082 647 2148 in
663 2105 730 2174 quo
747 2081 864 2148 armati
883 2081 1083 2152 institissent.
1103 2087 1208 2156 Idem.

225 2193 269 2258 At
291 2176 464 2284 Oppius⁴⁷‚
483 2201 657 2282 postquam
677 2211 775 2255 orans
797 2185 877 2253 nihil
899 2187 1110 2280 proficiebat,
1124 2193 1237 2262 timide

171 2401 380 2470 interpretantium
395 2402 540 2451 iuimicitias.
554 2398 625 2448 Dum
636 2415 683 2468 po-
726 2397 788 2467 quia
799 2413 897 2448 nomen
911 2397 1077 2452 collectivum
1089 2413 1127 2454 est
1135 2404 1233 2474 plebes.

173 2493 258 2534 tentes
272 2479 341 2532 inter
354 2497 382 2532 se
396 2490 506 2532 certant.
526 2477 682 2536 Asconiusa
780 2483 826 2540 44.
854 2477 934 2528 Arma
955 2497 1049 2531 rua...
1068 2482 1233 2538 incumberent,

172 2559 266 2616 Cortio
277 2560 388 2612 citatur:
407 2559 505 2612 ·Plebs
515 2557 613 2610 rustica
624 2575 683 2628 par-
726 2556 795 2622 Pro,
808 2560 880 2608 mortis
894 2557 1061 2611 incumberent.
1076 2560 1127 2614 Sic.
1142 2562 1234 2618 Senec.

173 2642 223 2694 tim
237 2659 331 2711 agros,
342 2640 439 2710 partim
446 2642 489 2711 jue
497 2637 611 2690 civitatis
617 2637 683 2688 ami·
726 2635 819 2688 Pboen.
832 2637 940 2690 Actia:
953 2663 964 2683 ι
977 2638 1091 2693 Reclinis
1102 2641 1197 2708 basta,
1208 2657 1234 2696 et

173 2722 221 2784 nit,
234 2719 333 2791 partim
350 2719 461 2771 omnino
479 2717 627 2788 proscripta
644 2729 683 2769 est
726 2733 797 2768 uma
812 2714 898 2768 defixa
911 2716 1071 2772 incubans..

172 2793 683 2871 victoreSylla,quodplebsromanade
768 2796 813 2860 45.
831 2796 950 2865 Fugitivi.
970 2797 1059 2864 Servi,
1071 2798 1140 2854 duce
1154 2801 1232 2876 Spar·

169 2876 684 2950 Marianispartibusluerat.·Cadurrtur
726 2889 800 2942 taco,
826 2876 925 2928 bellurn
953 2875 1077 2933 adversus
1103 2883 1233 2953 populum

134 2997 143 3027 ,
172 2956 682 3031 nonintelligodesolismilitibus.qui
726 2975 867 3008 romanum
892 2971 1019 3027 gerentes.
1048 2962 1114 3013 Rem
1143 2977 1233 3016 narrat

171 3040 345 3113 proesemime
360 3039 465 3090 rusticis
478 3037 600 3090 tribubus
616 3035 681 3089 edu·
726 3037 766 3088 De
781 3036 827 3089 Br.
846 3054 898 3103 ιιι,
912 3039 976 3103 68.;
992 3036 1107 3107 Florus,
1120 3059 1170 3107 nr,
1188 3063 1231 3096 ao.

172 3122 315 3184 cebautur3
335 3117 382 3172 sed
400 3115 480 3170 etiam
501 3115 681 3180 decadibus,
767 3120 813 3180 46.
829 3117 920 3168 erma.
936 3116 977 3170 Sc.
990 3137 1021 3171 ex
1029 3120 1113 3174 tribur
1120 3121 1231 3176 insidiis.

173 3199 342 3272 quepmsim
363 3199 391 3250 in
414 3199 482 3269 agris
502 3215 551 3268 per
570 3213 642 3248 arma
656 3209 682 3248 et
726 3196 851 3248 Ceterum
873 3196 967 3248 insidia
987 3217 1042 3251 non
1064 3200 1115 3252 nisi
1136 3201 1234 3272 plurali

171 3281 235 3334 belli
255 3280 398 3334 tumultum
418 3277 525 3331 fiebant.
549 3307 589 3318 -
608 3277 682 3331 Dono
724 3293 838 3328 numero
857 3273 990 3330 dicuntur.
1011 3310 1049 3320 —
1072 3280 1159 3334 Fonte.
1181 3283 1232 3337 Le.

172 3361 269 3412 damam
279 3358 427 3422 Videlicet,
446 3371 475 3410 ut
487 3367 547 3409 nata
561 3355 681 3408 servituti
724 3354 792 3425 gisae
813 3353 920 3406 videtur
939 3357 1024 3420 fronte
1043 3357 1105 3412 clar.
1127 3361 1166 3412 De
1185 3363 1230 3415 Br.

173 3441 304 3510 mancipia
315 3477 324 3502 ‚
339 3439 454 3492 militum
479 3436 604 3498 nomine,
625 3453 681 3486 ma·
725 3435 771 3505 qui
780 3433 832 3486 boe
839 3432 873 3486 de
884 3432 986 3487 insidiis
996 3436 1124 3510 Pompeio
1134 3441 1233 3511 paratis

172 3519 324 3592 p'rmtibus
344 3519 372 3570 in
391 3518 540 3589 provincias
558 3513 682 3567 euntibus
725 3513 862 3584 iutelligit,
879 3519 978 3580 n,44.

78 3635 80 3642 ι
172 3599 246 3654 douo
256 3597 682 3652 danmr.-Paucr's.1noommo·
766 3599 811 3663 47.
828 3595 866 3646 At
876 3593 978 3664 Oppius.
992 3595 1234 3669 Quumproconeul

174 3678 238 3734 dnm
245 3695 399 3750 paucorum
406 3678 496 3749 Aliqui
503 3678 683 3747 leguntapau·
725 3673 763 3725 Μ.
782 3674 860 3727 (um
877 3685 904 3726 et
923 3677 978 3744 ejus
995 3689 1109 3746 quaertor
1128 3677 1232 3750 Oppius

173 3767 222 3822 ert-,-
238 3760 326 3812 minua
339 3759 415 3812 bene.
433 3785 473 3800 -—
485 3757 537 3808 em
549 3759 621 3808 victis
638 3767 681 3806 est.
725 3753 878 3824 Bithyniam
891 3755 1055 3826 provinciam
1068 3757 1168 3828 rapinis
1181 3777 1232 3830 pro

174 3839 285 3910 Vulgo,
309 3858 356 3909 pm
386 3841 461 3888 aicta
493 3836 613 3890 Alterum
640 3854 682 3888 re·
725 3853 753 3886 se
775 3835 888 3906 quisque
910 3847 1047 3900 vexarent,
1062 3837 1150 3908 jurgia
1162 3839 1233 3892 inter

173 3919 263 3990 pormt
282 3918 389 3972 Curtius
405 3935 437 3969 ex
458 3917 568 3970 Venetis
589 3914 682 3986 primis
726 3931 770 3966 eos
785 3911 818 3965 de
827 3913 917 3986 preda
925 3914 1134 3970 intercesserunt.
1148 3918 1233 3989 Igitur

172 4011 199 4052 at
221 3995 535 4057 aedificabuntur:
552 3991 681 4058 amarum
727 3993 1235 4076 missionemimpenseefflagitabatOp-

1000 4101 1048 4173 26
