2922 4642
245 399 325 447 1111
701 372 825 442 VITA

298 505 471 579 Sallustius
488 530 577 576 anno
592 507 636 575 U.
658 507 695 574 C.
721 503 795 598 718
813 516 965 573 mortuus
989 515 1054 589 est,
1075 501 1315 598 quinquagesi-

248 641 340 688 mum
359 637 484 684 annum
503 637 621 708 agens,
645 608 759 680 relicta
776 633 879 679 uxore
904 610 1075 697 Terentia,
1093 633 1167 703 quae
1191 607 1317 680 deinde

249 719 398 792 Messalae
415 721 564 790 Corvino
580 717 796 788 celeberrimo
816 717 942 786 oratori
959 716 1092 810 nupsit,
1108 729 1210 810 ‘atque
1227 716 1317 786 adeo

247 843 314 898 tres
336 829 470 898 maximi
485 826 554 896 sere
572 826 606 894 in
627 823 684 894 illo
702 821 822 894 saeculo
838 822 960 918 ingenii
982 825 1072 892 viros
1095 821 1214 892 habuit
1231 847 1315 892 con-

244 935 340 1029 juges
350 931 370 1003 ¹.
388 931 535 1020 Eadem,
552 930 805 1002 memorandum
822 927 1004 1024 longissimi
1022 929 1084 998 aevi
1102 927 1316 1024 exemplum,

248 1055 368 1136 quarto
405 1041 505 1110 ctiam
532 1039 652 1108 marito
673 1037 773 1108 Vibio
808 1036 897 1106 Rufo
921 1049 1087 1130 superstes
1117 1050 1252 1104 centum
1278 1049 1317 1104 et

248 1146 482 1242 septemdecim
493 1145 570 1218 vitae
585 1169 690 1215 annos
706 1143 851 1239 exegisse
865 1142 1116 1211 sertur.Tacitus
1136 1133 1240 1230 (Anu.
1255 1165 1317 1231 111,

250 1249 299 1325 30
317 1267 353 1322 et
367 1246 531 1349 passim,)
553 1254 710 1348 Crispum
726 1249 917 1320 Sallustium
938 1262 1121 1334 memorat,
1137 1271 1236 1342 quem
1258 1249 1318 1317 hic

247 1374 379 1446 noster,
396 1361 519 1432 sororis
537 1381 604 1429 suae
621 1373 794 1454 nepotem,
812 1357 846 1425 in
867 1368 1000 1450 gentem
1013 1379 1107 1425 suam
1125 1375 1318 1448 nomenque
1436 1381 1438 1384 ·

247 1466 440 1536 adsciverat.
447 1464 526 1550 Ille,
541 1495 559 1528 a
568 1463 727 1534 incolumi
741 1465 924 1532 Maecenate
940 1463 1125 1556 proximus,
1136 1485 1215 1530 mox
1230 1485 1318 1555 prae·

247 1573 364 1666 cipuus
374 1572 428 1640 cui
442 1583 570 1640 secreta
581 1571 820 1663 imperatorum
830 1570 1096 1657 inniterentur»,
1109 1569 1250 1663 septimo
1262 1568 1321 1635 Ti·

247 1677 373 1746 beriani
394 1675 597 1771 principatus
624 1698 712 1744 anno
736 1673 828 1744 obiit.

299 1786 435 1872 Jam,ut
445 1781 488 1851 ad
499 1796 650 1851 nostrum
662 1781 1059 1867 redeamus,memoriam
1071 1777 1215 1848 Sallustii
1226 1777 1321 1848 fama

250 1904 387 1983 seqtruta
403 1903 470 1976 est,
485 1903 522 1957 ut
534 1886 693 1984 praeclara
706 1887 748 1956 de
766 1888 919 1983 ingenio,
932 1889 979 1956 ita
992 1885 1036 1954 de
1044 1885 1193 1954 moribus
1208 1887 1321 1978 turpis

248 2009 283 2066 et
301 1995 528 2091 ignominiosa.
541 1997 586 2065 Et
599 1996 626 2064 is
641 1993 776 2088 quidem
796 1993 952 2062 factiosus
966 2005 1000 2060 et
1013 1990 1187 2060 turbarum
1198 1990 1321 2062 aridus

248 2102 283 2170 in
300 2102 472 2172 tribunatu
486 2099 551 2170 fuit
569 2126 576 2168 :
598 2125 641 2168 au
663 2123 744 2170 vero
765 2113 816 2169 tot
834 2100 1026 2193 inquinatus
1043 2097 1150 2184 vitiis,
1167 2109 1219 2166 tot
1232 2121 1319 2190 pro-

248 2207 316 2278 bris
345 2223 544 2304 coopertus,
565 2220 647 2303 quot
674 2208 709 2275 iu
737 2231 814 2276 eum
836 2206 959 2300 ingerit
978 2203 1320 2275 Pseudo-Ciceronis

249 2313 464 2385 declamatio?
487 2313 529 2383 ld
554 2337 662 2408 neque
686 2312 854 2388 affirmare
878 2336 1032 2406 prorsus,
1056 2333 1164 2404 neque
1193 2333 1318 2404 negare

249 2423 365 2490 ausim.
392 2425 441 2491 Ea
463 2420 549 2490 enim
574 2435 655 2489 tuuc
674 2419 832 2514 temporis
857 2432 930 2486 erat
954 2416 1164 2512 publicorum
1182 2439 1320 2486 morum

249 2525 398 2614 foeditas,
418 2541 457 2596 ut
478 2528 505 2595 si
523 2525 706 2620 dempseris
724 2523 814 2618 quod
832 2525 1038 2594 accusatorie
1058 2522 1198 2593 dceutis
1210 2525 1319 2594 oratio

250 2633 380 2700 veritati
395 2631 517 2704 addere
543 2629 644 2719 solet,
660 2629 744 2698 nihil
765 2629 813 2698 illi
830 2630 1069 2723 exprobretur,
1084 2629 1175 2724 quod
1197 2652 1266 2699 non
1283 2643 1320 2698 et

249 2735 362 2807 multis
388 2735 480 2824 aliis,
504 2761 649 2831 quormu
669 2733 769 2807 illaesa
790 2735 833 2804 ad
859 2760 921 2805 nos
946 2735 1035 2805 fama
1060 2736 1226 2832 pervenit,
1240 2736 1318 2828 jure

229 2865 234 2876 ·
250 2844 397 2938 potuerit
409 2841 625 2940 exprobrari?
637 2844 716 2914 Non
726 2843 827 2938 igitur
838 2843 961 2912 mirram
975 2843 1059 2912 adeo
1073 2841 1174 2912 fuerit
1187 2843 1230 2930 si,
1242 2856 1319 2912 acta

249 2975 310 3046 per
327 2949 443 3020 luxum
464 2963 498 3019 et
515 2949 706 3020 inhonestas
727 2949 916 3045 voluptates
940 2947 1181 3036 adolescentia,
1205 2963 1319 3018 umen

251 3071 346 3126 aetate
359 3057 548 3150 provectior
562 3057 680 3126 acerbe
694 3057 906 3152 castigaverit
922 3055 1038 3126 eadem
1053 3055 1230 3143 'audentes3
1248 3079 1319 3124 non
1376 3143 1379 3154 Ι

251 3165 374 3232 mirum
390 3163 433 3251 si,
452 3161 608 3258 spoliata,
621 3178 660 3232 ut
672 3161 837 3258 plerisque
857 3187 931 3233 mos
951 3177 1037 3251 erat,
1055 3162 1245 3256 provincia,
1263 3185 1319 3230 ce·

252 3283 341 3339 teros
364 3271 613 3365 provinciarum
643 3267 837 3366 spoliatores
859 3270 950 3363 justa
979 3291 1120 3340 censura
1140 3268 1317 3337 notaverit.

252 3375 406 3471 Quippe,
418 3399 523 3471 quum
533 3375 682 3447 Africam
695 3390 847 3464 vexaret,
860 3375 1050 3446 divitiarum
1062 3373 1198 3444 avidum
1208 3375 1319 3444 stimu·

250 3480 340 3552 labat
358 3483 487 3554 occasio
505 3497 539 3552 et
556 3497 647 3554 certa
667 3484 977 3578 impunitas3quum
992 3483 1028 3551 in
1038 3480 1225 3577 legatorum
1236 3503 1317 3549 ava·

252 3694 385 3765 valebat
403 3697 474 3764 veri
492 3710 526 3766 et
546 3697 629 3766 recti
650 3697 862 3767 conscientia.
883 3699 956 3768 Nec
978 3697 1011 3766 id
1031 3693 1237 3765 retioeudum
1251 3707 1318 3780 est,

251 3803 396 3896 primum
415 3799 559 3873 Sallustii
581 3801 702 3873 sunam
728 3801 923 3874 laceravisse
941 3805 1104 3873 Lenaeum
1117 3802 1238 3888 istum,
1255 3801 1318 3895 ipsi

297 3995 322 4031 r.
343 3979 376 4030 D.
393 3977 588 4051 Hieronymus,
600 3977 646 4032 lib.
663 3977 813 4034 radveraus
827 3975 1086 4035 lorinianurn.Vide
1098 3976 1167 4031 infra
1180 3996 1208 4049 p.
1224 3973 1318 4029 xxn

252 4057 376 4112 uldnmm
391 4055 425 4113 de
438 4058 561 4113 Sallustio
574 4058 775 4114 Testimonium.
1124 4061 1129 4074 '
