2910 4666
247 321 324 395 386
635 323 910 390 SALLUSTII

243 447 368 540 jectum
386 445 428 514 ad
440 444 561 514 bellum
577 447 817 533 saevissumum,
835 469 910 512 cum
924 445 1068 512 exercitu
1080 456 1215 536 optume
1228 469 1293 512 me·

247 554 331 640 rito,
355 567 513 646 quantum
534 565 583 619 est
605 551 639 617 in
665 549 777 637 vobis,
807 549 909 638 same,
934 552 1125 618 miserruma
1150 553 1294 618 omnium

246 671 376 745 morte,
396 657 589 726 confecistis.
611 659 682 725 Hac
703 657 736 724 in
758 680 816 750 spe
842 655 983 750 populus
1004 679 1158 724 romanus
1178 653 1295 724 liberos

248 787 324 831 suos
344 763 386 832 ad
407 761 528 831 bellum
548 759 654 830 misit?
673 761 744 829 haee
766 775 843 829 sunt
861 763 993 854 praemia
1011 787 1072 855 pro
1092 759 1297 846 volneribus,

248 882 282 936 et
296 870 415 937 totiens
432 867 475 936 ob
490 893 591 962 remp.
609 867 682 936 fuso
697 864 876 962 sanguine?
893 869 1008 936 Fessus
1028 865 1205 936 scribundo
1225 869 1297 936 mit-

248 971 417 1069 tundoque
430 973 570 1068 legatos,
590 998 703 1042 omnes
722 998 800 1066 opes
819 986 852 1040 et
864 997 937 1066 spes
955 975 1100 1068 privatas
1116 996 1204 1040 meas
1221 997 1297 1041 con·

247 1067 367 1166 sumsi3
385 1105 487 1174 quum
507 1080 636 1148 interim
659 1103 678 1146 a
700 1077 791 1146 vobis
814 1102 874 1172 per
897 1079 1072 1146 triennium
1095 1079 1150 1144 vix
1172 1101 1298 1146 annuus

247 1183 404 1254 sumtus¹¹
424 1185 519 1254 datus
535 1199 593 1253 est.
616 1187 679 1252 Per
696 1183 775 1252 deos
793 1183 1009 1271 immortales,
1030 1198 1140 1252 utrum
1163 1187 1299 1253 censetis

246 1315 300 1358 me
317 1293 423 1360 vicem
443 1292 546 1360 aerarii
561 1304 730 1384 praestare,
748 1313 790 1356 an
807 1290 985 1358 exercitum
1002 1290 1071 1358 sine
1089 1287 1256 1358 frumento
1268 1304 1300 1358 et

247 1395 409 1490 stipendio
428 1396 551 1466 hahere
569 1393 688 1490 posse?
705 1393 868 1488 Equidem
887 1394 1007 1482 fateor,
1022 1420 1075 1462 me
1086 1395 1128 1462 ad
1148 1394 1213 1464 hoc
1232 1395 1298 1464 bel·

248 1500 316 1569 lum
328 1503 452 1594 majore
463 1502 591 1589 studio,
605 1525 704 1594 quam
722 1498 874 1588 consilio,
895 1499 1079 1595 profectum
1093 1525 1100 1566 :
1114 1503 1235 1595 quippe
1244 1503 1299 1596 qui

247 1609 379 1674 nomine
407 1607 506 1676 modo
534 1609 663 1700 imperii
688 1606 820 1674 avohis
842 1621 999 1700 accepto,
1023 1605 1138 1675 diebus
1157 1605 1299 1699 quadra·

248 1713 339 1805 ginta
356 1713 535 1782 exercitum
550 1714 678 1806 paravi,
696 1712 871 1804 hostesque
886 1713 920 1778 in
938 1712 1121 1780 cervicibus
1139 1713 1208 1805 jam
1229 1716 1300 1782 lta·

248 1815 298 1885 liae
319 1817 483 1911 agentes¹²
506 1819 548 1887 ab
574 1816 707 1912 Alpibus
724 1819 758 1884 in
771 1819 962 1910 Hispaniam
980 1819 1157 1902 summovi;
1174 1843 1301 1911 pereas

248 1923 310 1989 iter
331 1921 436 2010 aliud,
458 1939 555 2018 atque
582 1921 762 2010 Hannibal,
783 1922 877 1991 nobis
901 1925 1117 2017 opportunius
1141 1922 1301 2018 patefeci3

250 2029 358 2122 recepi
390 2028 551 2124 Galliam,
579 2033 789 2123 Pyrenaeum,
816 2027 1034 2116 Laletaniam,
1062 2028 1244 2124 Indigetes,
1270 2045 1302 2098 et

249 2217 338 2288 perio,
351 2219 471 2289 quamvis
483 2219 585 2271 nullum
603 2217 688 2270 adhuc
699 2236 754 2269 ma·
798 2215 885 2269 Padus
895 2217 987 2268 oritur.
1010 2217 1093 2269 Error
1108 2217 1221 2289 Appiani
1239 2217 1306 2282 inde¹

251 2297 388 2367 gisuatum
394 2298 518 2368 gessisset.
526 2299 576 2350 Hic
585 2311 653 2350 errat
662 2297 751 2348 DeBr.
798 2297 924 2360 nascitur,
931 2295 1003 2366 quod
1013 2315 1109 2349 nomen
1117 2295 1226 2349 Eridani
1236 2299 1302 2350 mul·

252 2371 307 2441 (11,
318 2377 350 2429 23
358 2374 385 2440 ),
397 2389 449 2429 tres
460 2391 487 2428 et
498 2378 590 2448 viginti
603 2389 705 2429 tantum
717 2374 756 2428 di·
798 2375 832 2427 tis
848 2375 969 2426 amnibus
982 2393 1121 2428 commune
1133 2375 1191 2429 ruit.
1207 2377 1265 2429 lmo
1277 2389 1301 2429 et

254 2454 348 2508 cendo.
366 2485 405 2497 -
426 2457 568 2525 Projectum.
587 2457 656 2508 Nota
674 2455 755 2507 maxi·
799 2467 887 2506 noster
902 2452 1058 2518 Rhodanus,
1077 2455 1263 2508 aPhilostrato
1276 2469 1302 2509 et

254 2552 325 2586 mam
341 2535 396 2586 vim
417 2535 496 2605 hujus
511 2537 593 2588 verbi.
615 2535 666 2587 stc.
682 2534 756 2605 Virg.
799 2533 925 2584 Atheneo
932 2532 1173 2605 Eridanusquoque
1183 2547 1299 2588 vocatur.

255 2615 316 2664 AEn.
333 2630 377 2678 xl,
395 2615 473 2666 360:
800 2611 1188 2683 Necmirurmqnumllhenus,
1198 2613 1302 2668 Rhoda·

256 2697 312 2748 Qtu'd
321 2699 402 2738 misem
412 2700 470 2738 toties
480 2700 500 2737 iu
512 2709 577 2751 aperta
586 2698 670 2752 pericula
681 2699 732 2737 rivet
799 2689 1259 2757 nus,Erld³nus‚Gtt·Rumutl‚unlus
1266 2707 1302 2746 al·

255 2767 354 2820 l’¹t⁰iit¹⁴?
801 2769 1301 2844 queejusdemoriginissintcumgraeco

301 2849 571 2900 immurmuratio.
594 2848 707 2899 Pecunia
716 2861 761 2899 aut
802 2851 859 2920 ῥέειν
871 2887 879 2914 ,
892 2851 989 2920 finan,-
1016 2869 1064 2903 nec
1082 2851 1156 2904 aliter
1177 2851 1301 2906 differant

257 2927 435 2991 frumentum,
448 2945 506 2997 qua
521 2927 647 2978 inunum
662 2945 761 2979 annum
803 2925 934 2990 ΡΗιὸανός
948 2941 974 2980 et
988 2926 1128 2996 ΗΡιδανός,
1145 2929 1223 3002 quam
1240 2933 1302 3004 quia

245 3006 398 3062 sufficiant.
497 3034 500 3046 ·
805 3013 842 3070 H,
858 3021 917 3060 ante
938 3009 979 3060 vel
993 3021 1052 3080 post
1070 3015 1101 3073 P,
1121 3012 1236 3081 positum
1253 3023 1301 3065 est.

304 3105 348 3138 rr.
375 3085 507 3154 Hostesqur
526 3089 550 3134 in
571 3085 695 3136 cervicibus
708 3088 761 3153 jam
803 3085 1300 3159 AttendeautemH,quodnnncestin

261 3165 342 3217 Italiae
357 3175 460 3234 agentes.
482 3165 610 3216 Barbaros
627 3161 761 3231 videlicet,
803 3167 1303 3240 groeoislitterisElongum,priusl'uiase

262 3243 762 3313 forsanaSertorioeonritatos‚quiiter
803 3245 1001 3315 aspirationem,
1023 3265 1081 3318 quae
1097 3246 1303 3320 diciturspiritur

261 3323 382 3394 Pompeii
399 3321 527 3393 impedire
546 3323 706 3375 nitebantur.
721 3353 762 3366 -
803 3343 878 3394 asper.
894 3323 957 3377 Vid.
970 3327 1007 3376 De
1014 3327 1058 3379 Br.
1072 3343 1110 3391 11,
1126 3334 1217 3390 ait.—
1234 3328 1302 3381 ludt-

261 3403 388 3458 Iteraliud
395 3403 601 3474 utqneHunnibol.
608 3401 761 3473 Pompeius,
802 3417 876 3471 getes.
896 3401 1040 3457 trinomen
1060 3405 1207 3477 Hispanicis
1221 3409 1304 3460 natio·

260 3494 327 3536 teate
339 3483 472 3553 Appiano,
483 3481 548 3534 Bell.
567 3481 624 3534 Cir.
639 3499 667 3548 r,
684 3479 762 3551 Alpes
801 3482 882 3534 nibus
901 3483 963 3548 fuit,
985 3503 1068 3555 prope
1082 3485 1221 3556 Ilergetes,
1239 3499 1303 3540 teste

262 3563 382 3615 transivit
396 3563 465 3613 inter
479 3559 622 3611 fluviorum
640 3559 763 3612 Rhodani
804 3560 900 3625 Plinio,
907 3579 957 3627 nr,
967 3563 982 3616 3
991 3579 999 3627 ;
1008 3563 1079 3616 unde
1085 3577 1156 3636 patet
1163 3565 1220 3618 sine
1228 3583 1303 3619 causa

263 3653 341 3712 atque
359 3639 468 3692 Eridani
483 3639 581 3704 fontes,
594 3656 643 3709 per
655 3641 764 3709 jugum,
804 3639 856 3714 hoo
868 3641 1153 3709 abnonnullismntari,
1163 3657 1189 3696 et
1196 3644 1303 3698 rescrrhi

263 3719 337 3790 quod
350 3718 430 3771 hodie
443 3716 540 3770 dieitur
551 3717 620 3769 leSt.
642 3716 761 3770 Gothord.
805 3719 936 3791 Hergetes.
959 3723 1082 3774 Ceterum
1102 3722 1123 3775 si
1136 3741 1235 3776 nomen
1250 3721 1305 3777 lati·

264 3797 315 3852 Sed
331 3796 609 3868 permittamini
619 3794 721 3860 Padus,
733 3809 763 3850 ut
804 3799 1052 3870 numesrtmtqeres,
1064 3819 1118 3854 non
1130 3801 1201 3855 aliud
1215 3817 1302 3867 sonat,

264 3875 763 3948 vultAppianus‚aed'Ilcirruaintelligi
805 3893 884 3948 quam
905 3877 1052 3950 aborigines,
1082 3879 1116 3933 de
1136 3882 1233 3952 quihus
1246 3879 1306 3935 ride

263 3951 356 4020 debet,
369 3957 496 4027 quianon
510 3973 593 4026 prope
603 3952 762 4008 Rhodanum
806 3955 863 4008 Cat.
878 3958 927 4009 vt.
