2916 4630
543 392 822 462 carttlrtt
1034 459 1038 470 ,
1159 389 1206 474 53

148 539 242 620 atque
273 523 440 617 majorum
467 520 609 618 plurima
632 524 790 594 beneficia
820 522 853 590 in
879 520 1008 617 plebem
1037 547 1210 594 romanam

148 645 271 718 essent,
288 631 418 726 perdita
438 629 613 724 republica
631 656 715 726 opus
737 654 827 716 esse,
842 653 943 724 quum
968 655 1041 699 eam
1063 648 1225 701 servaret-

149 739 193 804 Μ.
212 736 355 825 Tullius,
369 735 545 831 inquilinus
564 739 644 807 civis
656 735 679 761 ²¹
698 737 789 805 urbis
805 739 929 810 Romae.
949 767 966 803 ν
987 737 1039 806 Ad
1057 738 1121 806 hoc
1138 763 1208 806 ma·

149 839 457 937 ledictrralioquum
470 843 619 932 adderet,
628 845 817 939 obstrepere
829 868 958 932 omnes,
967 844 1096 913 hostem
1111 860 1209 939 utque
1227 869 1228 874 ¹

150 947 376 1042 parricidam²²
389 973 519 1019 vocare.
527 953 612 1018 Turn
629 949 681 1024 ille
700 949 915 1019 furibundus:
931 979 948 1014 u
969 953 1124 1044 quoniam
1137 954 1208 1046 qui·
1272 932 1279 950 ¹

151 1053 228 1122 dem
250 1055 507 1144 circumventus,
525 1057 648 1149 inquit,
665 1056 709 1124 ab
731 1057 870 1124 inimicis
884 1081 1029 1151 praeceps
1046 1082 1143 1152 agor,
1159 1059 1207 1126 in-

152 1159 302 1228 cendium
322 1187 432 1236 meum
448 1147 471 1186 ²³
490 1164 585 1236 ruine
599 1164 809 1256 restinguam.
833 1191 850 1227 ν

204 1269 345 1336 XXXII.
364 1270 451 1337 Dein
466 1293 500 1336 se
522 1293 562 1337 ex
583 1271 674 1336 curia
691 1268 826 1336 domum
848 1268 1019 1363 proripuit.
1040 1269 1091 1338 Ibi
1106 1267 1210 1338 multa

152 1395 259 1445 secum
279 1375 350 1468 ipse
371 1373 527 1462 volvens,
543 1375 639 1467 quod⁴
654 1399 760 1468 neque
780 1374 903 1443 insidiae
925 1373 1073 1443 consuli¹
1093 1401 1208 1469 proce·

150 1477 287 1568 debant,
303 1494 337 1548 et
358 1481 401 1548 ab
417 1479 568 1548 incendio
586 1477 793 1574 intellegebat
820 1479 936 1548 urbem
964 1479 1081 1574 vigiliis
1102 1483 1208 1549 muni.

150 1599 230 1674 tam,
239 1585 554 1680 optumumlactum
567 1585 721 1673 credens,
732 1587 911 1662 exercitum
922 1611 1103 1680 augere,ac
1118 1589 1209 1682 prius

150 1715 245 1784 quarn
266 1691 412 1786 legiones
434 1691 653 1761 scriberentur
664 1689 688 1779 ²,
706 1677 921 1787 antecapere³
936 1718 1008 1786 quse
1029 1692 1115 1762 bello
1136 1697 1210 1762 usui

150 1797 276 1887 forent,
290 1813 389 1868 nocte
410 1785 624 1893 intempesta*
636 1823 711 1867 cum
733 1801 846 1893 paucis
864 1801 898 1867 in
912 1798 1081 1874 Manliana
1093 1816 1209 1872 castre

150 1997 215 2050 nihil
228 1999 381 2070 reipublice
399 1999 576 2071 perniciosum
591 2017 654 2051 con·
699 1998 1208 2073 octob.,habita.Quod‹pridempatetex

150 2078 282 2147 cupisoere
295 2091 390 2149 posset.
406 2079 481 2131 Dixit
495 2080 654 2149 conjuratis:
698 2078 783 2132 Cicer.
796 2091 861 2131 orat.
873 2097 923 2150 pro
934 2079 1068 2145 Murena,
1081 2101 1140 2145 xxv,
1148 2083 1207 2146 ubi,

149 2156 215 2206 νιαία
235 2175 284 2218 res,
301 2177 350 2228 spes
364 2159 439 2210 multo
458 2162 569 2228 asperior.
585 2159 657 2212 Dicit
698 2159 1208 2229 postquemsenatusconsulrl,quosum·

147 2237 267 2289 metui:
280 2243 356 2290 omniu
368 2239 429 2290 ίοαα
442 2241 467 2290 in
476 2259 517 2310 spe
528 2239 610 2299 habeo,
623 2239 660 2304 ln
698 2256 742 2299 me
751 2249 865 2309 potestas
876 2236 1027 2294 consulibus
1038 2239 1207 2309 permitteba-

149 2327 261 2388 utroque
275 2319 356 2370 servit
369 2336 452 2372 causo
467 2331 493 2372 ct
507 2319 629 2390 tempori.
699 2329 756 2382 tur,
770 2317 831 2374 tecit
842 2316 1019 2382 mentionem,
1029 2318 1085 2369 buo
1096 2315 1206 2388 adjicit:

197 2414 242 2448 οι.
263 2397 397 2468 [equium
417 2402 481 2451 ciur's.
507 2397 656 2470 Inqnilinus
702 2423 713 2444 ι
724 2397 795 2450 Tum
810 2397 923 2468 erupite
938 2408 1028 2448 senatu
1041 2397 1207 2469 triumphans

149 2475 257 2546 proprie
271 2489 325 2542 ert,
341 2477 388 2548 qni
403 2479 430 2529 in
453 2478 535 2530 aliena
551 2489 577 2530 et
591 2495 655 2529 con·
697 2475 808 2546 gaudio,
818 2495 897 2548 quem
911 2476 1020 2528 omnino
1030 2477 1121 2529 vivum
1133 2476 1207 2529 illinc

150 2551 259 2608 ductitia
272 2553 354 2607 domo
369 2552 509 2619 habitat(a
524 2558 606 2610 verbo
621 2561 656 2608 in·
691 2557 770 2609 *exire
790 2575 845 2608 non
866 2569 1038 2628 oportuerat;
1060 2556 1206 2628 presertim

151 2629 246 2698 erlem).
262 2634 313 2686 Hic
328 2654 392 2688 vero
412 2635 495 2689 latius·
511 2649 595 2708 patet,
610 2635 655 2690 ei·
698 2653 781 2706 quum
796 2635 867 2688 idem
878 2637 935 2702 ille,
950 2637 978 2688 in
990 2635 1083 2688 eodem
1096 2635 1205 2704 ordine,

149 2727 324 2785 monentque
337 2715 468 2787 hospitem
483 2717 574 2768 Romae
585 2733 655 2781 esse,
697 2715 788 2786 prucis
795 2713 1069 2781 diebusante,Crtoni
1076 2713 1206 2787 judicium

149 2805 176 2844 et
184 2793 257 2846 urbis
266 2813 321 2846 non
332 2813 386 2847 sue
395 2797 494 2860 civem,
504 2807 596 2868 utpote
608 2813 655 2848 na·
698 2795 831 2848 minitanti
841 2814 870 2847 ac
878 2793 1047 2848 denuncianti
1056 2795 1206 2868 respondis-

148 2883 205 2924 tnm
218 2874 326 2945 Arpini,
339 2873 468 2928 invidiose
482 2876 567 2946 arguit
578 2875 655 2930 Catil.
698 2880 777 2940 κομι·
785 2875 849 2946 quud
853 2887 913 2926 esset
918 2879 943 2926 r'n
948 2895 1004 2928 suas
1009 2877 1122 2943 fortunas
1129 2880 1207 2928 iucen-

149 2950 655 3030 Identierenarratdppianus,Bell.civ.
698 2953 1207 3026 dimexcitatum,idsenonuquasedruina

151 3047 172 3082 11
183 3051 189 3084 :
200 3034 224 3094 ίς
236 3033 281 3102 μίν
290 3035 411 3103 ἀγνωσίαν
419 3036 514 3104 γένους,
526 3039 657 3089 ΚΑΙΝΟΝ
700 3037 869 3087 restincturum.
882 3061 893 3081 ι
907 3035 984 3088 Errat
993 3035 1074 3106 igitur
1084 3035 1207 3090 nonnihil

150 3111 287 3180 trepidius·
307 3115 331 3174 te
348 3108 379 3165 dl
394 3114 471 3176 ξενίαν
491 3118 535 3174 τῆς
550 3115 657 3178 umine,
699 3112 878 3180 Sallustium,
886 3133 947 3166 enm
955 3115 1068 3186 sequuti,
1076 3114 1169 3168 Florus
1180 3128 1207 3168 et

149 3195 385 3257 autonomon,
400 3187 419 3259 ᾧ
437 3193 527 3265 ῥήματι
546 3193 656 3246 καλοῦσιν
701 3193 761 3246 vu.
777 3194 1018 3247 Maximus—Est
1031 3208 1117 3246 autem
1130 3199 1207 3246 incen-

149 3271 205 3331 τοὺς
217 3273 367 3332 ίνοιαοῦντας
378 3275 401 3324 iu
415 3274 549 3344 ἀλλοτρίαις
563 3275 656 3334 οἰκίαις.
701 3272 765 3323 dum
775 3277 844 3325 minu
859 3277 1016 3342 restinguere,
1029 3272 1134 3326 diruere
1147 3273 1208 3326 redi·

191 3369 236 3404 n.
254 3352 412 3404 Panicidum.
431 3353 538 3424 Quippe
552 3352 597 3423 qui
612 3371 658 3424 pa·
701 3351 791 3403 ficium
803 3363 833 3402 ut
847 3350 914 3424 ignis
928 3353 1101 3424 opprimatur.
1115 3351 1208 3404 AEdifi·

149 3429 222 3496 trie,
241 3431 378 3484 communi
399 3432 518 3484 omnium
540 3433 658 3503 parenti,
701 3431 773 3483 mum
787 3447 850 3482 vero
865 3428 1016 3500 quidlipsa
1030 3431 1185 3500 respublica.

150 3509 295 3580 perniciem
307 3511 471 3564 moliebatur.
484 3512 552 3564 Item
566 3511 659 3565 Cicero
742 3509 805 3563 Cir.
822 3509 936 3561 XXXII.
956 3526 979 3560 r.
995 3507 1093 3559 liuidiae
1107 3510 1205 3562 consedi.

150 3587 179 3642 in
197 3589 326 3661 crt.1,7
343 3609 350 3642 :
368 3591 428 3643 «Te
447 3591 532 3662 patria
552 3589 609 3644 odit
629 3611 659 3645 ac
702 3587 734 3642 ld
749 3601 803 3654 est,
815 3586 937 3641 adversus
951 3589 1085 3640 consulem
1099 3601 1205 3660 parate.

150 3669 260 3732 metuit,
272 3683 299 3722 et
311 3667 414 3740 jamdiu
434 3683 460 3723 te
480 3671 548 3723 nihil
560 3669 660 3742 judicat
744 3688 768 3721 a.
785 3670 900 3739 Legiones
908 3668 1070 3721 scriberentur.
1085 3668 1144 3722 Scil.
1161 3667 1207 3721 ad·

149 3746 203 3802 nisi
217 3747 251 3801 de
259 3749 395 3819 panemo
405 3769 448 3804 ruo
462 3751 583 3821 cogitare.
599 3775 609 3797 a
701 3767 854 3813 veronese,
869 3767 883 3800 a
902 3749 1058 3819 praetoribus
1081 3749 1208 3820 Pompeio

193 3829 237 3881 23.
248 3829 386 3883 Incendium
396 3849 481 3892 meum,
490 3841 534 3890 etc.
545 3829 605 3882 Non
614 3830 659 3886 illo
702 3829 782 3893 Rufo,
790 3827 927 3881 ettletelto
935 3829 1039 3893 Celere;
1048 3847 1073 3881 v.
1083 3847 1105 3881 c.
1120 3827 1206 3880 XXX.

149 3904 210 3972 die,
220 3920 246 3960 et
254 3927 289 3961 ne
299 3909 426 3964 Ciceroni
435 3907 542 3980 quidem
555 3929 661 3981 respon·
739 3906 925 3979 3.Anrecupere.
931 3910 998 3960 Ante
1004 3905 1143 3979 providere
1150 3925 1209 3978 qne

147 4005 209 4040 rum
221 3988 272 4041 hoc
282 4001 322 4043 ert
331 4009 346 4042 a
355 3989 432 4042 Catil.
441 4008 449 4055 ;
459 4007 612 4060 responsum
619 4007 662 4042 re·
703 3987 773 4040 bello
787 3987 903 4060 gerendo
917 3987 1059 4055 necesparia
1074 3986 1174 4041 forent.

149 4080 226 4120 mest
232 4068 341 4138 Catoni,
348 4068 441 4142 paucis
447 4066 539 4121 diebus
550 4082 610 4121 ante
616 4087 660 4121 co·
745 4073 771 4130 4.
778 4069 855 4121 Nocte
863 4071 1007 4137 intempesta.
1017 4067 1055 4118 Ea
1064 4079 1141 4119 nocte
1150 4085 1209 4139 quae

147 4146 224 4202 mitia
233 4148 361 4222 eligendis
373 4146 588 4216 consulibus,die
603 4165 660 4208 wi
704 4147 755 4202 fnit
769 4147 838 4212 inter
851 4159 972 4202 octavum
985 4157 1012 4200 et
1024 4165 1124 4200 nonum
1138 4147 1207 4201 diem

942 4239 987 4334 p
