2950 4646
164 459 1213 495 mmmmm

193 649 264 786 C.
306 649 619 789 CRISPI
666 652 1176 794 SALLUSTII

435 941 917 1048 tunsurus

591 1163 778 1191 υ*

408 1313 716 1372 SINGULORUM
741 1311 948 1370 CAPITUM

402 1559 403 1564 n
487 1486 885 1568 ARGUMENTA.

156 1733 177 1800 l.
202 1685 459 1804 promnion.
483 1737 577 1802 Falso
596 1753 780 1826 queruntur
800 1739 966 1822 homines,
990 1737 1080 1827 quod
1099 1753 1214 1802 natura

257 1843 416 1907 imbecilla
434 1858 466 1906 et
484 1866 589 1908 aarum
614 1843 711 1908 breve
741 1846 792 1910 sit.
817 1843 851 1908 Si
872 1845 995 1910 viribus
1018 1859 1051 1909 et
1068 1859 1215 1933 tempore

257 1949 340 2015 bene
358 1965 550 2032 uterentur,
569 1949 670 2039 gloria
687 1951 798 2014 aeterni
818 1949 941 2014 fierent.

155 2051 192 2118 ll.
216 2056 329 2140 Quum
348 2054 435 2120 bona
452 2055 596 2146 corporis
614 2054 701 2120 fluxa
718 2055 798 2138 sint,
812 2057 912 2118 animi
930 2077 1027 2144 opera
1043 2056 1212 2119 immorta-

256 2163 316 2244 lia;
330 2185 443 2227 eorum
460 2162 598 2252 pravitas
617 2160 805 2226 admiranda
823 2176 887 2244 est,
902 2161 959 2249 qui
977 2159 1077 2225 dediti
1095 2183 1212 2248 corpo·

255 2267 300 2331 ris
319 2267 461 2356 gaudiis,
475 2267 644 2358 ingenium
660 2265 787 2356 ignavia
804 2281 984 2353 torpescere
999 2265 1123 2329 sinunt.

153 2369 205 2436 lll.
231 2373 376 2439 Gloriam
400 2388 509 2436 tamen
528 2393 671 2460 quaerere
689 2393 727 2435 ex
746 2393 856 2434 rerum
874 2369 1077 2458 publicarum
1095 2383 1214 2434 tracta·

228 2548 238 2571 ν
257 2478 363 2561 tione,
380 2477 414 2540 in
432 2493 499 2541 tam
513 2475 652 2542 turbidis
671 2473 889 2566 temporibus,
902 2497 969 2539 non
986 2475 1136 2564 sapientis
1153 2491 1211 2540 est.

153 2577 203 2646 lv.
225 2584 330 2648 Porro
348 2605 387 2648 ex
404 2583 557 2647 omnibus
583 2583 740 2675 negotiis,
760 2606 832 2672 quae
850 2573 981 2674 ingenio
1006 2599 1211 2665 exercentur,

256 2689 425 2754 historiam
455 2688 616 2755 scribendi
642 2713 762 2756 munus
792 2691 887 2780 elegit
913 2689 1097 2772 Sallustius,
1122 2705 1211 2753 ratus

256 2795 370 2858 utilem
401 2817 478 2860 eum
504 2795 647 2859 laborem
673 2796 763 2878 fore,
787 2795 960 2884 propositis
992 2794 1025 2857 in
1057 2809 1211 2882 corrupto

257 2901 375 2966 saeculo
392 2902 552 2965 virtutum
570 2903 732 2991 exemplis.
745 2901 824 2990 (llic
843 2901 916 2966 finis
937 2917 986 2966 est
1002 2898 1180 2989 prooemii.)

34 3015 35 3020 ’
154 2999 187 3067 V.
215 3006 451 3096 Jugurthinum
469 3005 590 3070 bellum
609 3009 809 3096 scripturus,
829 3029 984 3097 magnum
1003 3022 1035 3069 et
1053 3023 1161 3088 atrox,
1181 3021 1214 3069 et

257 3134 336 3176 mm
359 3111 507 3177 civilibus
532 3109 700 3178 discordiis
723 3113 936 3194 conjuncttun
951 3161 960 3196 ,
978 3133 1029 3175 res
1053 3110 1094 3174 ab
1119 3111 1217 3174 initio

258 3219 397 3306 repetit:
413 3218 633 3300 Masinissam,
652 3218 869 3284 Numidarum
891 3239 1023 3308 regem,
1042 3217 1077 3280 iu
1102 3215 1214 3279 amici·

258 3323 337 3387 tiam
352 3340 519 3414 receptum
538 3347 557 3388 a
574 3323 611 3390 P.
631 3325 801 3414 Scipione3
819 3323 1013 3413 Jugmtham
1029 3345 1048 3384 a
1062 3321 1215 3407 Micipsa,

258 3428 649 3512 Masinisssefilio,eodem
658 3425 1213 3517 cultuquoliberosdomihabitum.

152 3529 203 3598 Vl.
216 3533 386 3626 iugurthae
404 3535 634 3622 adolescentia,
649 3533 921 3627 optimisartibus
932 3529 1057 3614 dedita,
1072 3553 1215 3595 amorem
1268 3615 1278 3626 „
1318 3583 1321 3591 Α

258 3641 477 3708 Numidarum
488 3645 548 3734 ipsi
558 3645 724 3725 conciliat;
739 3665 816 3707 mox
838 3639 980 3729 Micipsae
998 3637 1216 3726 suspicionem

259 3764 391 3832 movet,
417 3772 459 3814 ne
480 3750 551 3816 talis
574 3751 624 3814 vir
650 3751 685 3812 in
708 3747 759 3814 sui
780 3763 812 3812 et
843 3747 1026 3812 liberorum·
1042 3741 1218 3833 perniciem

260 3869 391 3918 crescat.

153 3953 223 4021 Vll.
236 3957 343 4048 igitur
355 3959 490 4050 Micipsa
503 3961 715 4052 Jugurtham,
726 3959 871 4050 periculo
886 3957 999 4024 mortis
1014 3955 1218 4036 objecturus,

231 4079 236 4086 '
263 4065 398 4152 praeficit
412 4067 581 4151 Numidis,
593 4089 676 4156 quos
687 4067 722 4131 iu
735 4066 922 4156 Hispaniam
938 4063 1092 4128 Romanis
1106 4059 1219 4126 adver·

1045 4173 1062 4213 s

1012 4209 1037 4280 9
