2942 4662
260 353 333 486 554
701 402 871 469 ruuax

298 531 401 594 Hirr03
414 549 439 602 p.
458 549 521 601 ¹79-
541 533 606 583 Due
617 531 724 584 fuerunt
739 531 767 582 in
780 529 868 582 Africa
881 529 960 581 urbes
971 527 1102 600 Hipponis
1111 529 1234 592 nomine,
1245 526 1316 600 quod

259 615 334 663 sinum
349 611 555 678 interpretantur
571 613 610 662 De
625 611 724 663 Bmsses
734 623 757 662 et
768 610 883 663 Boclrurt.
899 609 933 661 Et
948 605 981 660 ad
994 609 1080 661 sinum
1096 607 1207 679 quidem
1217 609 1316 661 mariti·

260 709 333 743 mum
357 703 468 760 utraque
486 691 570 762 posita
587 704 650 744 erat.
672 691 745 743 Alter
765 690 854 762 Hippo
881 693 960 758 regius
975 686 1112 740 dicebatur
1132 689 1160 740 in
1176 686 1316 752 Numidia,

260 773 335 842 cujus
351 770 489 840 episcopus
502 771 552 822 suit
567 769 644 822 divus
659 770 818 841 Augustinus
827 791 834 834 ς
843 787 927 842 prope
939 769 1028 822 locum
1038 769 1085 820 ubi
1097 787 1170 820 nunc
1180 781 1219 822 est
1232 769 1315 829 Bona,

259 868 356 902 nomen
365 849 398 901 ab
408 849 529 920 Hippone
541 863 704 922 corruptum.
716 851 800 915 Alter,
811 849 901 921 Hippo
911 849 1036 920 Zarytos,
1046 848 1074 900 in
1087 848 1225 919 provincia
1235 867 1318 900 roma·

260 948 309 994 ua,
325 928 434 1000 propius
456 929 655 1000 Carthaginem,
670 928 704 982 de
723 949 777 1001 quo
803 929 846 982 hio
868 929 941 1000 loqui
965 925 1070 980 videtur
1090 929 1235 980 Sallustius.
1254 929 1318 1000 Ejus

259 1027 356 1062 nornen
379 1009 475 1062 hebes
489 1027 630 1080 corrupere
644 1012 671 1062 in
687 1011 823 1066 Bere-sert,
843 1007 923 1079 vulgo
937 1009 1047 1067 Biante,
1063 1003 1156 1078 (quasi
1171 1007 1318 1079 Hip-ueri,

259 1085 496 1160 Hippo-Zarytos)
512 1107 570 1160 quas
589 1093 652 1143 urbs
665 1091 733 1142 inter
746 1089 871 1142 maximus
882 1101 921 1140 est
932 1088 960 1140 in
971 1106 1032 1159 agro
1048 1089 1197 1141 Tunetunc.
1216 1087 1321 1158 Cogno,

259 1169 338 1221 minis
353 1168 441 1238 origo,
457 1187 538 1239 grum
558 1189 610 1222 vox
627 1169 784 1240 Diarrhytus
799 1163 947 1239 (διέρῥυτος
968 1164 994 1232 ),
1010 1165 1082 1238 quod
1097 1166 1198 1238 adjacet
1213 1167 1317 1237 naviga·

259 1249 312 1300 bile
324 1261 461 1318 stagnum,
477 1248 548 1301 unde
564 1250 591 1302 iu
603 1248 713 1302 modurn
727 1248 844 1301 [luminis
859 1247 1008 1300 estuarinm
1028 1247 1156 1318 emergit,
1173 1245 1244 1318 quod
1259 1248 1318 1299 rice

258 1329 369 1392 alterna,
390 1342 470 1398 prout
494 1341 570 1382 astus
590 1343 634 1382 aut
655 1329 780 1399 repressit
797 1341 841 1380 sut
861 1328 984 1398 impulit,
1001 1345 1072 1378 nunc
1095 1327 1208 1379 infertur
1232 1327 1316 1388 Mari,

258 1427 329 1460 nunc
344 1406 464 1460 redditur
477 1423 575 1480 stagno.
590 1409 658 1462 Plin.
671 1409 753 1480 Epist.
769 1427 812 1472 rx,
832 1408 877 1462 33.

296 1488 447 1552 Hrsrin1s3
463 1509 490 1558 p.
508 1491 578 1553 156,
594 1494 663 1556 159,
683 1492 746 1558 176.
762 1489 829 1539 Dus
842 1488 996 1550 Huncine,
1008 1505 1034 1558 p.
1050 1488 1094 1550 34.

296 1567 429 1620 Hrsrssrs
449 1585 592 1630 errantum
606 1587 633 1638 p.
652 1569 705 1630 35,
722 1569 771 1635 39,
790 1569 854 1634 369.
870 1567 984 1618 Maxima
1000 1572 1110 1637 Europae
1124 1566 1213 1635 regio,
1229 1563 1315 1617 Hedi-

257 1661 377 1700 terraneo
388 1659 414 1700 et
428 1647 533 1698 Oceano
549 1645 667 1718 undique
681 1645 855 1710 circumdata,
869 1645 981 1717 nisique
997 1645 1128 1716 Pyrenas
1138 1645 1209 1716 jugis
1224 1645 1316 1698 Gallis

256 1727 438 1779 committitur.
461 1726 613 1796 Hesperiam
624 1745 730 1796 quoque
743 1725 883 1790 dixerunt,
896 1744 945 1795 pro
965 1739 1006 1778 ter
1020 1726 1098 1777 situm
1112 1723 1316 1782 occidentalem:

258 1805 425 1870 etheriam,
441 1805 534 1858 seuob
548 1805 646 1858 flumen
662 1807 785 1870 Iberum,
798 1824 844 1857 seu
865 1803 937 1876 quod
1013 1804 1088 1856 ihuc
1102 1823 1133 1856 ex
1146 1805 1207 1857 Asia
1220 1805 1315 1876 migra·

258 1885 358 1948 verint,
372 1897 402 1938 ut
413 1899 521 1938 narrant
530 1885 611 1957 aliqui
620 1923 628 1953 ,
638 1886 692 1938 sire
704 1887 800 1948 etiam,
814 1899 843 1937 ut
853 1897 930 1956 putat
944 1886 984 1937 De
993 1885 1107 1948 Brorses,
1119 1883 1199 1935 Iberia
1210 1885 1317 1956 proprie.

257 1965 291 2017 sit
305 1969 371 2035 regio
386 1978 451 2016 trans
463 1967 637 2037 Pyrenaeum:
653 1967 763 2018 verbum
779 1965 849 2016 enim
866 1964 929 2027 iber,
944 1963 1017 2035 quod
1031 1964 1181 2035 agnoscitur
1192 1965 1221 2016 in
1232 1983 1316 2034 μου

257 2044 315 2114 ‘arip
329 2056 355 2096 et
369 2045 397 2096 in
408 2045 556 2114 germanico
566 2036 636 2109 iiber,
647 2045 794 2116 significare
806 2057 880 2110 trarp.
890 2043 964 2098 ldem
972 2056 1049 2115 putat
1060 2043 1192 2115 Hispania
1205 2063 1316 2108 nomen,

257 2142 270 2176 a
286 2124 453 2177 Phoenicibus
470 2125 634 2196 impositum,
644 2143 658 2177 a
670 2125 758 2178 radice
772 2129 808 2195 isp
826 2119 950 2196 (equus)
965 2123 1077 2187 deduci,
1091 2136 1230 2194 propterea
1244 2123 1317 2195 qnod

256 2204 371 2268 Betica,
386 2204 429 2257 cui
444 2206 535 2276 primae
551 2206 700 2276 navigantes
714 2205 889 2277 appulerunt,
905 2221 1034 2276 equorum
1049 2204 1180 2274 precipue
1201 2204 1273 2256 feru
1288 2203 1316 2256 in

257 2285 379 2337 omnibus
394 2285 512 2338 aetatibus
528 2285 587 2338 luit.
603 2287 637 2337 Et
652 2284 759 2355 quidem
773 2285 893 2356 plerique
906 2284 1008 2338 nummi
1026 2284 1127 2354 antiqui
1140 2283 1316 2354 Hispanamm

257 2364 364 2417 urbium
376 2383 472 2436 equum
487 2365 615 2427 solutum,
626 2366 667 2417 vel
680 2365 795 2436 equitem
810 2365 961 2435 punierunt.
974 2363 1026 2416 atii
1038 2365 1071 2416 ah
1082 2363 1190 2434 Hispalo
1201 2363 1315 2434 quodam

257 2463 318 2515 rege
339 2457 384 2497 aut
400 2446 433 2498 ah
455 2445 588 2516 Hispano,
604 2444 739 2510 Herculis,
753 2457 783 2496 ut
797 2445 886 2509 aiunt,
907 2443 979 2507 filio,
995 2444 1131 2496 autetiam
1146 2461 1162 2494 a
1176 2441 1228 2496 deo
1245 2445 1316 2496 Pane

257 2542 354 2577 nomen
369 2525 502 2595 Hispania
524 2525 639 2577 trahunt.
652 2524 719 2589 Quas
734 2543 775 2576 res
792 2537 935 2594 utcumque
955 2523 1004 2589 sit,
1019 2522 1160 2595 imperium
1184 2523 1316 2594 Hispaniae

258 2602 306 2656 diu
321 2623 401 2675 penes
418 2604 645 2674 Carthaginienses
661 2605 726 2668 suit;
740 2604 836 2675 quihus
857 2603 987 2674 expulsis,
1004 2603 1108 2656 transiit
1123 2600 1157 2654 ad
1174 2605 1314 2656 Romanoa

258 2683 294 2735 Hi
311 2696 393 2736 totam
412 2685 548 2754 regionem
564 2685 592 2735 in
608 2681 674 2736 duas
694 2697 781 2755 partes
796 2682 942 2736 diviserunt
957 2721 966 2746 ,
984 2701 1095 2754 quarum
1120 2701 1172 2734 una
1195 2684 1317 2754 Hispania

258 2766 364 2825 citerior,
376 2764 437 2833 quia
447 2765 558 2834 propior
565 2775 621 2815 erat
630 2764 767 2827 Romanis,
777 2783 824 2834 per
836 2763 993 2834 Pyrenaeum
1003 2761 1228 2833 ingredientibus;
1238 2764 1317 2814 altera

259 2843 356 2893 ulterior
367 2855 458 2894 vocate
474 2855 520 2894 est.
537 2843 632 2894 Baetica
647 2855 673 2895 et
688 2843 823 2895 Lusitania
839 2843 970 2896 ulterioris
991 2844 1081 2907 luere;
1095 2843 1196 2912 relique
1211 2843 1316 2902 omnis,

258 2922 396 2973 citerioris.
416 2922 494 2984 Post,
509 2940 578 2973 uora
596 2924 794 2991 provinciarum
807 2921 902 2976 divisio
921 2924 987 2975 sacta
1001 2936 1056 2984 est,
1068 2921 1114 2974 sed
1129 2921 1173 2974 hic
1186 2920 1221 2973 de
1232 2923 1316 2975 Sallu-

260 3001 350 3052 stiauis
366 3013 469 3052 tantum
481 3001 644 3072 temporibus
659 3003 752 3074 agitur.
766 3033 807 3045 -
822 3002 954 3056 Hrsmrs
974 3021 1129 3066 utrumn
1142 3021 1170 3072 p.
1186 3002 1253 3056 380.

298 3079 413 3144 Hrsrns,
431 3097 477 3132 seu
490 3081 580 3146 lsrru;
597 3100 623 3151 p.
646 3083 711 3145 443.
729 3083 833 3134 Nomen
855 3082 969 3134 Danubii
984 3082 1012 3133 in
1027 3081 1146 3134 inferiori
1162 3094 1246 3151 perte.
1259 3081 1316 3134 Hoc

258 3178 355 3212 nomen
377 3160 520 3214 arbitratur
537 3161 662 3214 d'sluvills
680 3162 797 3234 incipere
809 3175 911 3216 tantum
931 3162 959 3214 in
976 3162 1081 3226 Moesia,
1097 3180 1151 3214 non
1165 3161 1244 3232 louge
1257 3175 1316 3215 ante

256 3240 364 3312 Trajani
380 3253 496 3314 pontem.

772 3353 798 3418 Ι.

297 3526 413 3578 Icarum
430 3520 542 3586 (melius
558 3523 714 3590 Ichnusa),
730 3543 758 3594 p.
776 3525 842 3593 374.
860 3526 964 3578 Nomen
978 3523 1114 3576 Sardinia.

297 3606 461 3670 Isnronrns;
474 3624 502 3676 p.
521 3607 586 3659 386.
609 3605 711 3657 Nomen
733 3604 881 3674 Hispanico
892 3605 994 3675 gentis,
1014 3623 1041 3657 n.
1065 3623 1109 3658 rr.
1126 3603 1238 3656 Harerc.
1254 3603 1315 3674 legit

258 3683 408 3755 Ilergetum.
429 3685 553 3738 Ceterum
577 3685 659 3736 ricini
684 3697 758 3736 erant
785 3685 906 3756 Ilergetes
930 3697 956 3736 et
982 3682 1126 3755 Indigetes,
1145 3683 1173 3736 in
1191 3701 1221 3736 ea
1242 3697 1315 3754 parte

260 3762 407 3835 Hispanico,
423 3782 482 3835 qun
494 3775 604 3816 vocetur
618 3761 699 3815 hodie
716 3765 844 3833 Aragnnia
858 3777 885 3817 et
899 3763 1054 3816 Caraiarmiu.

300 3843 410 3909 Imm
430 3863 456 3914 p.
476 3843 529 3908 3ο,
548 3843 603 3910 43,
620 3863 672 3912 92,
693 3844 763 3908 153,
783 3862 853 3912 190,
874 3845 948 3910 205,
968 3845 1039 3908 333,
1058 3843 1132 3908 433,
1151 3841 1225 3908 436,
1249 3849 1314 3904 56¹·

261 3923 300 3972 De
311 3939 405 3992 magna
417 3923 461 3974 illa
474 3923 595 3994 regione,
607 3941 665 3994 quae
679 3924 711 3974 ab
724 3923 834 3993 Alpibus
845 3922 878 3976 ad
890 3925 985 3976 fretum
1000 3923 1115 3976 Siculum
1132 3920 1315 3993 protenditur,

260 4000 425 4072 cingiturque
440 4002 503 4055 hinc
519 4001 653 4055 Adriatico
668 4015 694 4054 et
708 4003 798 4067 Ionio,
814 4005 886 4056 illinc
902 4003 1043 4074 Tyrrheno
1061 4001 1143 4064 mari,
1157 4001 1224 4054 nihil
1242 3997 1313 4052 aliud

261 4081 441 4146 monebimus,
452 4081 501 4134 nisi
513 4083 742 4153 septentrionalem
755 4083 828 4136 istius
839 4083 953 4153 regionis
963 4095 1079 4154 partem,
1094 4101 1175 4152 usque
1187 4079 1220 4133 nd
1234 4081 1315 4133 liuhi·
