2938 4654
203 348 277 398 ano
460 326 498 394 C.
527 324 700 394 CRISPI
729 321 1005 394 SALLUSTII

201 457 235 526 id
252 472 384 552 tempus
402 456 437 526 in
454 445 617 526 Numidia
634 471 754 527 nostru
773 481 852 552 opes
872 471 1033 542 contusae,
1053 455 1265 551 hostiumque

202 579 308 634 auctae
325 579 428 632 erant.

190 735 197 751 ,
255 673 377 740 XLIV.
406 669 471 740 Sed
489 671 546 740 ubi
559 674 593 740 in
612 671 758 742 Africam
776 671 885 758 venit,
900 669 1062 738 exercitus
1080 670 1110 738 ei
1126 669 1266 738 traditur

202 801 223 844 a
247 779 303 871 Sp.
322 775 444 847 Albino
470 777 668 874 proconsule
694 780 799 862 iners,
823 775 978 865 imbellis,
1001 801 1107 871 neque
1129 774 1266 870 periculi

202 908 310 978 neque
338 883 460 954 laboris
485 888 641 1005 patiens,
660 885 791 980 lingua,
811 909 911 978 quam
938 907 1058 972 manu,
1084 885 1266 1002 promtior,

201 990 368 1086 praedator
386 1017 426 1060 ex
446 995 562 1082 sociis,
581 994 702 1088 etipse
721 991 833 1087 praeda
854 991 940 1060 host'
917 1004 1018 1078 ιιιιιιι,
1041 993 1110 1060 sine
1129 991 1267 1084 imperio

202 1111 236 1166 et
255 1097 414 1167 modestia
437 1098 598 1170 habitus&
617 1103 669 1168 Ita
692 1099 883 1217 imperatori
906 1121 995 1166 novo
1020 1095 1094 1190 plus
1115 1121 1155 1164 ex
1173 1094 1267 1166 malis

201 1205 350 1274 moribus
371 1205 614 1325 sollicitudinis,
631 1231 729 1301 quam
745 1230 786 1274 ex
801 1206 896 1300 copia
910 1202 1050 1273 militum
1066 1201 1193 1291 auxilii,
1211 1217 1268 1272 aut

202 1311 299 1381 bonae
317 1337 387 1408 spei
379 1313 592 1383 accedebat
613 1313 734 1383 Statuit
750 1327 860 1380 umen
881 1309 1036 1380 Metellus
1046 1333 1267 1404 ,quamquam

169 1457 173 1464 ·
203 1432 236 1486 et
256 1420 446 1488 aestivorum
468 1435 598 1515 tempus
626 1420 836 1488 comitiorum
861 1442 955 1486 mora
974 1414 1215 1503 imminuerat²,
1235 1429 1268 1484 et

202 1527 446 1644 exspectatione
464 1528 576 1595 eventi
594 1527 715 1596 civium
732 1526 858 1593 animos
874 1526 1017 1593 intentos
1034 1523 1188 1618 putabat,
1200 1548 1268 1591 non

202 1632 296 1725 prius
313 1629 437 1700 bellurn
458 1634 636 1764 attingere,
653 1655 773 1726 quam,
789 1633 953 1726 majorum
972 1629 1162 1726 disciplina,
1186 1628 1267 1700 mili·

183 1751 252 1832 ,tes
275 1733 426 1806 laborare
445 1725 631 1834 coegissetb
655 1741 742 1808 Nam
763 1738 919 1826 Albinus,
943 1735 1017 1808 Auli
1040 1737 1149 1806 fratris
1171 1761 1268 1805 exer-

204 1845 353 1937 citusque
372 1843 465 1914 clade
481 1845 668 1940 perculsus,
684 1860 859 1941 postquam
878 1846 1072 1914 decreverat
1089 1869 1157 1913 non
1175 1868 1267 1938 egre-

204 1949 238 2018 di
267 1953 455 2089 provincia,
484 1968 644 2046 quantum
671 1954 829 2048 temporis
858 1953 1047 2022 aestivorum
1071 1953 1105 2018 in
1117 1952 1269 2070 imperio

203 2056 267 2125 fuit
273 2045 501 2189 ⁴,plerumque
515 2059 633 2128 milites
646 2061 771 2128 stativis
785 2060 900 2128 castris
914 2058 1076 2145 habebat;
1090 2058 1151 2126 nisi
1167 2081 1270 2150 quum

204 2150 318 2253 odos⁵,
342 2179 400 2234 aut
426 2164 600 2260 pabuli
562 2180 688 2236 orestas
710 2165 821 2236 locum
849 2179 978 2234 mutare
1001 2163 1184 2258 subegerat.
1205 2163 1271 2232 Sed

245 2391 309 2445 Cir.
328 2394 428 2446 XLIV.
450 2413 474 2446 1.
498 2393 555 2448 Slus
575 2397 672 2466 imperio
694 2405 718 2446 et
760 2395 810 2448 hus
822 2392 907 2460 MSS,
919 2391 1271 2458 Cort.induobus,inveuo

204 2473 318 2525 modestia
329 2473 431 2526 habitus.
445 2474 486 2527 Ita
500 2473 606 2526 habitus
619 2486 717 2527 utnon
760 2485 824 2527 runt
833 2474 913 2525 labore
916 2513 924 2537 ,
934 2471 1005 2526 unde
1014 2485 1168 2545 proponunt
1176 2509 1182 2539 ,
1190 2471 1271 2524 labore

206 2550 281 2605 ducis
297 2556 394 2623 imperio
414 2565 535 2624 pareret,
551 2571 638 2624 neque
662 2556 717 2626 ipse
760 2557 906 2605 coercuisset.
923 2551 1024 2618 Quidni
1039 2565 1176 2618 serretur,
1192 2552 1271 2604 laboro

205 2631 281 2684 miles
297 2633 435 2684 modestiam
451 2633 531 2684 ullam
548 2645 575 2684 et
589 2653 717 2686 veremin-
760 2637 880 2704 coegisset,
892 2631 986 2686 eodem
992 2651 1271 2705 prorsussensu,quo,

205 2707 278 2763 diam
291 2711 409 2764 haberet.
425 2713 524 2764 Confer
538 2711 645 2766 Catilin.
659 2715 716 2766 XI:
761 2718 912 2774 coercuisset,
929 2717 953 2765 iu
967 2711 1071 2784 officum
1086 2725 1110 2764 ct
1121 2713 1272 2784 disciplinam

211 2791 263 2843 1L.
276 2790 348 2844 Sulla
361 2791 542 2845 exercitum...
556 2805 647 2846 contra
662 2813 719 2846 mo-
761 2793 1008 2864 redegissettNoatri
1019 2812 1125 2860 omnes,
1139 2793 1256 2846 taboram.
1296 2816 1300 2822 ·

206 2888 263 2922 rem
284 2873 414 2940 majorum
435 2871 570 2924 luxuriose
586 2873 718 2946 nimisque
803 2879 830 2936 4.
842 2875 965 2944 Quantum
979 2877 1087 2946 lanquoris
1100 2877 1233 2925 aestivorum
1246 2876 1271 2924 ia

207 2950 352 3004 liberaliter
365 2951 510 3004 lsabucrctn
761 2957 856 3024 imperio
867 2955 928 3021 ficit.
947 2953 1050 3026 Nempe
1076 2953 1187 3006 Albinus
1209 2952 1272 3006 anni

250 3049 274 3082 a.
291 3029 442 3084 AEstivorum
463 3045 551 3103 tempus
572 3035 718 3084 comitiorum
760 3033 905 3106 superioris
928 3035 1039 3100 consul,
1061 3051 1141 3104 quem
1169 3051 1270 3105 supra,

207 3129 274 3161 mora
284 3114 441 3164 imminuerat.
449 3107 495 3164 Ad
503 3131 560 3185 cap.
571 3113 717 3178 XXXVII,
761 3115 898 3179 XXXIX,
911 3114 940 3166 in
955 3113 1071 3168 Africam
1086 3112 1195 3166 rediisse
1211 3125 1273 3184 post

207 3190 374 3256 notavimus,
390 3189 457 3246 inito
478 3196 531 3264 jam
553 3212 622 3245 anno
643 3195 718 3261 645,
761 3193 849 3246 fratris
864 3193 965 3246 cladem
980 3193 1271 3265 legimus,imperium,

207 3269 345 3323 Metellum
356 3273 491 3326 consulem
498 3287 615 3327 creatum
627 3273 715 3328 fuisse.
761 3273 846 3327 donec
856 3273 1003 3327 advenisset
1014 3274 1136 3328 Metellus
1144 3311 1152 3341 ,
1159 3273 1273 3327 retinue-

206 3352 289 3422 Atqui
300 3352 402 3424 primos
412 3352 529 3424 ejusdem
542 3355 605 3407 anni
616 3373 718 3409 menses
760 3367 802 3407 rat
811 3393 819 3419 ,
828 3365 855 3408 et
864 3356 893 3408 in
901 3355 1038 3426 provincia
1049 3373 1158 3407 romana
1167 3371 1271 3407 oeman·

207 3446 406 3504 consumpserat
426 3435 487 3486 Auli
502 3433 602 3497 clades,
621 3433 718 3488 lactum
761 3447 837 3492 serat.
852 3435 932 3487 -In
948 3437 1041 3488 stativis
1061 3437 1154 3487 castris.
1174 3433 1273 3486 stativa

208 3525 235 3564 et
249 3515 387 3568 rescissum
403 3511 502 3580 foedus,
518 3515 634 3567 militum
649 3528 718 3569 cete·
761 3527 845 3568 castra
865 3512 1004 3581 dicuntur,
1017 3515 1046 3568 in
1061 3515 1159 3586 quibus
1173 3511 1273 3566 diutius

208 3611 350 3666 rarumque
379 3613 469 3646 rerum
499 3594 661 3666 comparatio
693 3607 719 3648 et
762 3608 997 3660 commoratur,et
1005 3595 1079 3667 quasi
1094 3593 1174 3648 fixam
1187 3597 1273 3645 statio·

209 3675 366 3727 nansvectio
387 3674 415 3726 in
436 3673 560 3726 Africam,
580 3674 618 3726 Ea
638 3675 720 3746 igitur
762 3694 814 3727 uem
828 3676 909 3729 habet
921 3676 1060 3728 exercitus.

208 3771 283 3806 rnora
297 3753 404 3806 brevius
418 3753 479 3806 lecit
495 3765 600 3824 tempus
615 3755 718 3808 estivo·
804 3757 829 3809 5.
846 3753 923 3810 Odos.
935 3756 1004 3822 Qui,
1015 3754 1178 3826 congregatis
1187 3754 1215 3806 in
1228 3771 1273 3804 eo·

208 3851 282 3900 rum,
292 3832 320 3885 id
330 3847 384 3898 est,
397 3851 486 3887 rerum
496 3833 525 3886 in
536 3833 606 3886 bello
617 3850 666 3904 per
675 3853 720 3888 scs·
762 3833 823 3888 dem
831 3836 891 3889 loco
898 3835 1163 3901 multisliominibus,
1169 3836 1273 3905 jumen-

209 3923 288 3966 tatem
301 3911 482 3985 gerendarum.
762 3915 796 3968 tis
815 3915 1021 3988 pecoribusque,
1034 3915 1100 3970 oriri
1120 3927 1147 3968 et
1166 3913 1275 3967 morbos

247 3993 720 4065 atahourecoegtsseeeruteuintri-
763 3995 869 4067 gignere
880 3997 953 4052 solet
