2942 4662
483 403 914 472 GEOGRAPHICUS.
1156 401 1229 476 553

171 530 395 596 conscendentes,
408 531 467 585 loca
479 531 597 604 Syrtium
612 533 641 584 in
654 532 740 603 Libya
753 543 947 604 occupaverunt
964 551 973 598 ς
988 544 1015 586 et
1030 534 1091 604 quia
1103 552 1135 587 ex
1155 533 1231 588 Getis

170 625 315 678 venerant,
327 611 445 666 derivato
460 612 567 666 nomine
579 611 670 665 Geruli
679 613 856 684 cognominati
869 625 938 666 sunt.
959 639 970 660 ι
989 612 1063 665 llanc
1078 613 1231 684 opinionem

170 695 320 760 uerissime,
329 703 359 746 nt
371 693 477 764 opinor,
489 692 586 745 refellit
594 693 635 744 De
645 693 762 756 Brosser;
772 691 818 746 sed
831 693 888 764 ipse
897 693 975 746 aliam
984 711 1039 746 non
1049 693 1137 746 minus
1147 694 1231 746 incer-

172 786 227 826 tam
249 773 370 846 profert,
385 773 484 826 scilicet
503 772 612 826 Getulos
628 791 643 824 a
658 773 757 843 punico
770 773 898 826 vocabulo
916 773 975 841 geth
988 767 1089 844 (pecus
1099 770 1109 835 )
1120 775 1230 828 vocari:

169 853 270 925 quippe
294 853 405 906 Getulos
423 872 456 906 ex
480 853 513 905 iis
527 852 633 924 populis
648 852 749 918 fuisse,
770 853 817 924 qni
826 864 934 923 pastores
957 851 1091 906 dicuntur.
1107 854 1231 908 Ceterum

170 935 240 987 lrane
261 933 464 1004 etymologiam,
481 945 512 985 ut
531 944 557 984 et
578 933 672 986 multas
691 933 774 997 alias,
795 951 850 986 nou
871 931 1043 986 omittendam
1064 933 1231 998 censuimus,

170 1015 233 1083 quia
248 1014 270 1065 si
287 1031 341 1066 non
360 1031 443 1078 vera,
463 1026 490 1065 at
508 1025 579 1066 oerte
597 1013 629 1066 ab
650 1013 859 1084 ingeniosissimo
880 1025 908 1065 et
928 1011 1081 1066 doctissimo
1103 1013 1231 1084 scriptore

170 1103 277 1164 reperta
291 1107 338 1146 est.

211 1173 329 1236 Geram
343 1193 370 1244 p.
388 1177 425 1235 64
441 1212 449 1236 ,
466 1173 531 1226 333.
548 1173 654 1238 Graan
668 1193 696 1245 p.
714 1179 767 1241 94,
786 1189 840 1242 97,
855 1172 921 1226 333.
934 1171 1101 1242 Amplissima
1117 1171 1231 1242 Europe

170 1253 259 1324 regio,
272 1253 342 1306 inter
357 1251 496 1313 Rhenum,
511 1253 606 1323 Alpes,
623 1271 695 1307 mare
705 1251 945 1316 Mediterraneum,
959 1252 1100 1322 Pyrenaeos
1111 1264 1233 1318 montes,

169 1344 198 1384 et
218 1332 372 1396 Oceanum3
387 1334 462 1401 cujus
483 1333 582 1386 incolas
599 1333 711 1386 Romani
724 1331 832 1399 Gallos,
852 1331 939 1385 Greci
954 1331 1041 1384 Celtas
1064 1321 1129 1398 (vel
1146 1331 1232 1384 Celto·

169 1412 267 1482 galatas
279 1409 305 1478 ),
321 1411 394 1484 quod
407 1431 500 1465 verum
511 1413 595 1483 gentis
608 1431 705 1466 nomen
718 1413 783 1476 fuit,
796 1412 969 1483 appellabant.

212 1491 318 1544 Gaura
337 1509 482 1557 ctrnnmnr
494 1511 522 1563 p.
537 1495 584 1545 66.
592 1491 705 1544 Galliam
718 1491 884 1555 citeriorem,
899 1509 946 1543 seu
958 1489 1133 1561 Cisalpinam,
1148 1503 1175 1543 et
1187 1491 1233 1542 ali·

170 1569 279 1642 quando
295 1571 408 1624 Galliam
421 1570 430 1632 (
443 1572 499 1624 sine
513 1567 662 1642 adjectivo)
677 1569 800 1624 dicebant
817 1571 930 1624 Romani
943 1589 1000 1624 eam
1014 1569 1096 1624 Italic
1110 1583 1232 1640 partem,

170 1668 230 1722 quaa
243 1652 276 1702 ab
289 1651 400 1722 Alpibus
411 1649 444 1703 ad
456 1651 566 1704 fluvium
579 1650 758 1716 Rubiconem,
772 1651 841 1704 inter
853 1648 1017 1704 Adriaticum
1027 1667 1100 1702 mare
1109 1661 1135 1702 et
1146 1650 1232 1702 einum

169 1730 351 1802 Ligusticum,
364 1729 533 1802 protenditur
550 1749 557 1783 :
573 1730 642 1784 hanc
659 1731 758 1802 quippe
774 1731 926 1802 regionem,
948 1741 1075 1801 regnante
1087 1729 1232 1800 Tarquinio

170 1810 259 1882 prisco
274 1823 466 1882 occupaverant
486 1795 557 1863 Gaii
571 1811 743 1882 temsdpini,
763 1810 876 1882 expulsis
895 1811 1005 1876 Tuscis,
1027 1827 1073 1862 eeu
1098 1809 1232 1876 Etruscis,

170 1890 218 1961 qui
231 1891 375 1961 antiquitus
388 1909 445 1942 eam
456 1889 594 1954 tenebant;
604 1889 662 1942 Liv.
671 1909 706 1956 v,
721 1891 756 1953 34
769 1903 796 1944 et
808 1890 853 1943 35.
862 1889 976 1942 Galliam
988 1907 1094 1961 quoque
1104 1889 1231 1961 Togatam

170 1969 310 2038 dixerunt,
325 1970 360 2022 ob
373 1989 526 2024 conoessum
539 1969 633 2022 incolis
644 1989 720 2022 usum
734 1984 801 2042 togae
816 1987 940 2022 romanae.

212 2049 318 2102 Gaura
334 2067 486 2115 crunon
498 2069 525 2122 p.
539 2053 592 2116 66,
606 2053 653 2120 67.
666 2051 737 2103 Vera
750 2050 847 2114 Gallie,
860 2061 932 2102 tram
943 2048 1022 2119 Alpes
1035 2048 1101 2113 sita,
1111 2061 1232 2119 respectu

169 2130 263 2183 Rornae
273 2147 279 2182 :
290 2128 362 2182 unde
376 2148 433 2182 earn
446 2148 552 2201 quoque
559 2129 760 2202 Transalpinam
771 2128 903 2182 dixerunt.
916 2125 967 2180 Sed
983 2127 1109 2198 peculiari
1123 2128 1232 2180 nomine

170 2209 334 2263 Ulteriorem
347 2209 461 2262 Galliam
478 2221 555 2263 vocat
570 2209 724 2275 Sallustius,
746 2227 804 2262 eam
818 2205 1004 2260 tantummodo
1023 2206 1115 2260 Gallie
1130 2219 1233 2278 partem

170 2308 252 2360 quam
265 2290 294 2342 in
314 2289 458 2362 provincias
473 2290 585 2342 sormam
601 2287 755 2360 redegerant
767 2288 894 2351 Romani,
915 2299 1016 2358 queret
1034 2287 1232 2340 Narbonnensis

169 2367 324 2434 dicebatur,
338 2389 369 2422 ea
384 2370 442 2422 loca
454 2370 650 2440 complectens,
668 2387 725 2440 que
738 2367 819 2422 hodie
834 2379 896 2422 sunt
910 2367 932 2418 le
949 2367 1094 2436 languedoc
1105 2403 1113 2433 ,
1129 2367 1155 2420 la
1167 2368 1231 2420 Pro·

171 2469 252 2512 vener,
267 2450 289 2500 le
305 2450 439 2520 Deuplu'rre‘.
482 2499 485 2507 ,
924 2451 936 2494 l

211 2529 364 2595 unuin,
376 2549 404 2600 p.
420 2536 482 2600 4²7·
496 2529 604 2584 Nobiles
616 2528 655 2580 illi
667 2528 799 2600 populi,a
814 2526 897 2580 Gallis
907 2527 1001 2579 Rheno
1012 2525 1122 2578 flumine
1134 2523 1230 2590 divisi,
1266 2547 1267 2552 ¹

171 2627 238 2680 quos
260 2610 340 2662 etiam
362 2609 496 2662 Teutonas
513 2611 663 2674 vocabant,
684 2606 757 2678 quod
779 2607 829 2680 ipri
854 2625 951 2660 nomen
971 2624 1042 2659 nnnc
1061 2623 1166 2677 quoque
1188 2625 1230 2658 re·

171 2689 267 2742 tinent.
280 2689 454 2742 Gerroanuss
467 2688 571 2742 dnobus
583 2687 736 2742 Teutonicis
754 2685 887 2740 vocabulis
902 2684 1025 2753 ducitur,
1044 2705 1101 2756 ger,
1117 2685 1230 2750 belluna,

171 2781 199 2821 et
211 2788 279 2830 mon,
293 2769 341 2822 vir.

212 2848 308 2923 (ἕως
327 2868 355 2921 p.
369 2853 435 2913 446.
455 2849 551 2921 Populi
563 2849 695 2913 Tbraoiae,
707 2848 754 2919 qui
767 2865 782 2900 s
794 2847 920 2900 Romania
935 2847 1000 2900 Daci
1012 2863 1118 2918 quoque
1132 2863 1230 2898 vocan-

173 2941 226 2982 tur.
247 2927 341 2981 Strabo
364 2941 466 2992 tamen,
481 2929 599 2988 librar,
614 2930 693 2983 Getes
708 2947 723 2981 a
737 2927 815 2981 Dacis
828 2928 865 2980 ita
880 2924 1031 2998 distinguit,
1045 2939 1076 2980 ut
1090 2925 1165 2979 Getae
1180 2925 1232 2978 rint

171 3007 219 3079 qui
234 3006 268 3060 ad
279 3008 395 3062 Pontum
401 3003 415 3074 l,
428 3009 457 3061 in
471 3009 616 3076 orientem,
629 3021 760 3080 vergunt3
774 3007 856 3070 Daoi,
873 3007 920 3078 qui
935 3007 963 3060 in
977 3007 1147 3079 oppositum,
1163 3004 1231 3058 Ger·

171 3105 286 3141 mamam
299 3107 396 3142 versus.

212 3291 431 3356 Hannurrrrurn
447 3311 475 3362 p,
493 3309 557 3361 ¹79·
569 3291 640 3342 Urbe
654 3306 771 3342 romanae
784 3288 812 3340 in
827 3288 914 3340 Africa
928 3288 1111 3359 provinciae,a
1124 3287 1230 3338 Phoeni·

173 3371 248 3425 cibus
258 3371 372 3426 condita.
385 3373 487 3425 Locum
498 3371 598 3441 ipsum,
608 3369 656 3421 ubi
668 3368 760 3428 luerit,
772 3367 887 3438 ignorari
902 3378 1011 3420 testatur
1024 3366 1167 3427 d'Anvr'lle,·
1182 3384 1230 3418 nec

148 3496 154 3507 .
174 3464 262 3504 tamen
279 3453 373 3524 procul
391 3453 467 3504 sitam
482 3451 561 3503 luisse
580 3449 613 3501 ab
628 3449 713 3513 urbe,
724 3465 784 3519 quae
798 3464 870 3498 nuno
889 3459 998 3499 vocatur
1017 3445 1097 3506 Susa,
1118 3444 1147 3496 in
1168 3462 1230 3516 agro

173 3531 322 3586 Tunetano.
335 3531 507 3584 Doctissimus
519 3541 608 3583 autem
624 3528 723 3598 Anglus
744 3526 833 3588 Staio,
850 3543 908 3578 earn
925 3525 1039 3578 affirmat
1055 3543 1126 3578 nunc
1145 3535 1232 3592 stare,

174 3629 224 3664 nec
240 3611 317 3664 aliam
334 3629 388 3665 esee
409 3629 488 3683 quam
508 3611 651 3668 name,
667 3607 729 3662 satis
742 3606 856 3677 amplam
871 3603 951 3658 bodie
967 3623 1072 3676 quoque
1089 3604 1229 3656 civitatem.

174 3689 279 3744 Nomen
293 3689 501 3755 Hadrumetum,
515 3709 562 3744 seu
572 3687 748 3742 Adrumetum
760 3684 867 3739 deducit
877 3687 917 3739 De
928 3687 1053 3739 Brosrera
1067 3683 1170 3756 punicis
1183 3702 1231 3736 vo·

174 3771 273 3824 rabulis
284 3771 465 3833 Ardet-Mutii,
482 3788 541 3841 que
555 3770 744 3840 interpretatur
758 3777 870 3819 mortem
885 3766 927 3820 vel
942 3765 1075 3820 tumulum
1087 3759 1232 3835 Ader(qui

174 3848 259 3904 deus'
298 3851 304 3864 '
333 3848 396 3916 est).

214 3871 374 3997 lldrlirllmq
387 3951 414 4002 p.
430 3937 496 3994 41².
508 3930 601 3984 Plrues
614 3929 694 4002 hujus
708 3926 822 3980 nominis
835 3927 913 3979 urbes
923 3927 1006 3978 luere.
1018 3924 1068 3978 llic
1080 3923 1180 3977 mentio
1192 3933 1232 3978 est

175 4006 209 4062 de
220 4011 346 4065 Heraclea
364 4011 487 4076 Pontice,
501 4027 583 4082 graeca
595 4010 678 4074 urbe,
690 4009 719 4060 in
732 4005 856 4080 bithynie
868 4044 877 4072 ,
890 4004 925 4059 ad
935 4005 1034 4058 Euxini
1048 4005 1127 4058 maris
1139 4004 1232 4070 littus,

174 4091 249 4160 cujus
260 4109 357 4145 nomen
373 4103 401 4145 et
418 4090 515 4160 positio
533 4088 620 4144 adhuc
635 4087 782 4160 agnoscitur
792 4089 820 4140 in
834 4085 935 4157 vulgari
949 4085 1123 4157 appellatione
1135 4083 1231 4138 Emlli.

175 4169 318 4225 D'Anvr'lle.
