2942 4662
190 483 1248 508 mmmmm

288 679 1152 812 VARIAE'LECTIONES
1237 699 1240 710 '

195 969 350 1037 onnus
369 971 525 1038 stns
545 967 672 1025 sons
690 935 885 1024 sonsum
901 967 1262 1027 tureasnaunrnr.

467 1193 973 1234 *QUO-*m-

565 1385 883 1469 CATILINA.

231 1615 296 1669 Csr.
313 1615 336 1668 I.
352 1614 409 1670 Ssss
423 1613 520 1667 student
530 1625 655 1686 prestare.
672 1611 763 1668 Nostri
778 1613 842 1668 Aet
855 1613 1001 1680 E,stndent
1010 1635 1060 1669 sess
1066 1626 1192 1688 prostare.
1208 1616 1261 1672 Su·

190 1713 383 1768 pervaosneum
396 1693 521 1748 duximus
535 1713 645 1750 monere
661 1711 720 1748 rem
731 1694 774 1749 vel
788 1693 921 1749 tironibus
936 1707 1044 1764 notam,
1061 1715 1111 1749 sess
1123 1715 1185 1750 cnm
1195 1717 1265 1770 pra·
1292 1745 1295 1756 ,

190 1788 270 1839 stare,
286 1793 342 1829 non
357 1794 419 1830 aum
431 1775 541 1837 student,
552 1773 718 1848 jungendum
735 1792 799 1828 esse.
1202 1773 1204 1781 ⁴

231 1855 393 1909 Animalibus.
407 1853 554 1920 Nonnulli,
572 1855 741 1908 animantibus.

230 1937 319 1989 Animi
331 1939 441 1998 imario,
458 1938 564 2007 corporis
577 1939 672 1990 servitio
685 1937 763 2006 magis
777 1936 873 1988 utimur.
888 1931 1051 1990 Sententiam
1062 1935 1127 1990 huic
1140 1935 1264 2009 persimi-

191 2015 245 2068 lem
262 2013 375 2069 feliciter
389 2013 536 2069 admodum
549 2015 678 2087 expressit
695 2015 737 2068 vir
758 2013 829 2068 inter
847 2027 978 2070 nostrates
997 2014 1138 2070 altitudine
1163 2017 1264 2090 ingenii

193 2095 398 2161 celeberrimus,
410 2096 452 2148 Da
464 2094 577 2157 Bonald,
593 2094 738 2146 metentes
749 2095 962 2166 philosopliques:
979 2095 1129 2150 «n'nom
1143 2114 1190 2150 nar
1204 2113 1263 2151 nn

186 2181 398 2228 'mantuanum
413 2192 509 2230 snm
522 2193 574 2228 ru
589 2191 639 2227 nas
653 2189 784 2226 ottones.

233 2255 295 2308 Cum
308 2255 355 2308 dis.
371 2255 464 2308 Nostri
476 2273 584 2321 omnes,
597 2254 654 2306 diis.
670 2251 724 2306 Sed
739 2254 842 2325 egregie
854 2251 971 2308 ostendit
985 2253 1093 2309 Curtius
1108 2255 1189 2308 etiarn
1204 2255 1264 2310 Pri-

191 2333 274 2388 sciani
289 2346 365 2388 aute
385 2335 483 2407 positas
503 2334 584 2388 fuisse
604 2352 656 2405 pro
679 2333 869 2406 monosyllabis
889 2352 967 2388 vooes
988 2333 1025 2386 ds'i
1045 2347 1073 2388 et
1093 2335 1152 2399 diis,
1173 2347 1200 2390 et
1214 2355 1264 2408 pm

190 2433 276 2468 unum
293 2415 435 2486 iseriptss.
450 2417 520 2468 Item
538 2413 572 2468 de
584 2413 673 2468 verbis
690 2417 783 2484 imperi,
802 2411 904 2484 aedifici,
921 2413 1015 2485 pseud,
1032 2415 1104 2468 isdem
1110 2436 1122 2478 ,-
1140 2433 1199 2488 quas
1215 2435 1264 2488 per

190 2496 302 2566 longum
315 2496 330 2548 1
344 2495 437 2549 scribit
451 2494 562 2548 Vossius
577 2492 611 2546 de
627 2495 692 2547 Arte
705 2492 853 2546 Grammat.
868 2511 933 2547 xxtx
943 2511 951 2547 :
963 2491 1010 2548 sed
1022 2495 1075 2549 hoo
1089 2515 1144 2549 non
1160 2515 1265 2570 semper

192 2575 361 2628 observatum
376 2575 457 2629 inisse
469 2593 501 2628 ex
513 2574 631 2628 Grutero
644 2585 671 2628 et
684 2573 792 2627 Norisio
808 2585 919 2627 constet.

233 2655 301 2708 Inter
315 2656 431 2708 mortali.
448 2657 511 2710 Vox
526 2655 650 2726 frequens
662 2651 735 2724 apud
749 2652 902 2707 Sallustium
916 2653 1029 2726 amplius
1049 2654 1166 2727 aliquid,
1184 2675 1264 2730 quam

193 2736 312 2798 hominu,
334 2735 492 2806 significans.
512 2761 523 2783 ι
543 2736 630 2800 Nam,
650 2733 739 2806 inquit
758 2734 875 2800 Fronto,
891 2732 963 2806 apud
977 2733 1111 2805 Gellium,
1125 2755 1193 2802 xm,
1214 2741 1264 2804 28,

193 2815 341 2868 multorum
355 2815 497 2869 hominum
512 2815 654 2888 appellatio
673 2815 744 2868 intra
759 2813 894 2868 modicum
909 2833 1015 2887 quoqne
1029 2821 1172 2869 numerum
1193 2817 1266 2871 oohi-

192 2896 253 2948 bari
268 2907 346 2967 etque
367 2894 469 2949 includi
492 2907 597 2968 potest3
614 2896 693 2948 multi
712 2907 802 2948 antem
814 2895 953 2961 mortales,
971 2895 1061 2949 neseio
1076 2915 1130 2969 qno
1145 2910 1223 2969 pacto
1238 2910 1266 2952 et

195 2973 312 3046 quodum
322 2994 401 3029 sensu
410 2976 582 3030 inenarrabili
590 2995 670 3029 omne
678 2976 734 3029 lere
742 2993 824 3047 genus
826 3015 899 3030 .....
909 2987 936 3028 et
947 2973 1089 3044 ordinum,
1099 2989 1125 3030 et
1134 2978 1264 3046 astatium,

193 3067 222 3108 et
234 3075 310 3109 sexus
319 3055 560 3128 comprehendunt.
577 3081 588 3104 ι
608 3055 733 3111 Ceterum
744 3068 831 3111 totum
844 3053 879 3108 de
891 3055 942 3109 hac
954 3075 985 3109 re
998 3055 1079 3110 Gellii
1090 3070 1170 3130 caput
1179 3059 1265 3111 maxi·

193 3153 241 3188 nso
255 3153 317 3188 oum
329 3137 419 3190 fructu
433 3137 543 3209 legetur.

237 3217 267 3266 V
263 3229 323 3285 eget.
335 3219 375 3282 A,
388 3217 425 3281 B,
439 3217 532 3282 c,1),
545 3228 606 3286 eget.
619 3215 658 3282 E,
669 3214 770 3284 indiget.
784 3215 862 3268 Unus
871 3213 944 3288 apttcl
956 3215 1069 3270 Havete.
1085 3227 1196 3286 augetur.
1210 3215 1265 3269 Ha·

190 3313 328 3367 -vercemp
342 3297 447 3367 sequuti
459 3314 558 3349 sumus.

237 3377 302 3429 Csr.
314 3377 367 3430 111.
380 3377 421 3429 As
434 3377 493 3428 mili
503 3375 604 3448 quidem.
617 3375 654 3439 Β,
665 3375 706 3440 Ι),
715 3374 739 3427 Ε
749 3385 776 3427 et
785 3373 875 3446 plures
886 3373 1019 3441 Continui,
1029 3385 1057 3424 at
1067 3373 1134 3426 mihi
1145 3372 1263 3446 quidem.

237 3455 368 3508 Auctorem
383 3475 470 3509 nrum.
490 3457 523 3508 In
537 3465 630 3510 nostro
640 3455 680 3521 C,
693 3473 797 3508 erasum
811 3465 852 3508 est
863 3473 891 3516 u,
906 3453 943 3506 its
955 3465 987 3507 ut
998 3471 1071 3508 nunc
1085 3454 1187 3525 legatur
1196 3467 1265 3509 acto·

195 3553 252 3588 rem.
266 3535 369 3601 Ceteri,
384 3547 512 3589 auctorem.

236 3615 318 3670 Facto
338 3616 408 3669 hstis
420 3629 476 3670 sunt
488 3614 644 3688 ssaeqwda·
660 3615 698 3682 B,
711 3615 748 3676 E,
763 3613 907 3688 exequenda.

236 3695 324 3749 Studio
336 3697 371 3748 ud
380 3697 546 3767 rempublicam
562 3695 626 3748 tasas
635 3713 695 3748 sum.
709 3695 746 3760 Ε,
753 3713 770 3746 a
781 3695 861 3748 studio
870 3694 906 3747 ad
915 3691 1080 3764 nntpublicam
1090 3692 1186 3744 'delatus
1198 3713 1265 3757 sum

196 3774 272 3846 qnod
289 3776 369 3848 longe
383 3775 538 3830 disairnilem
556 3793 661 3830 sensum
676 3774 766 3830 efficit.
787 3775 865 3829 Prius
880 3773 1016 3828 habentC
1032 3785 1058 3826 et
1079 3775 1119 3840 D,
1138 3773 1195 3826 sine
1212 3771 1265 3828 ulla

197 3855 333 3909 varietate.
347 3857 416 3918 Item
432 3856 556 3921 Gortiuu
569 3857 689 3926 quamvis
703 3855 781 3910 multi
794 3857 850 3928 ejus
872 3852 976 3908 oodioes
990 3853 1133 3908 exhibeant
1147 3873 1163 3905 a
1177 3854 1264 3908 studio.

197 3933 304 3988 Scilioet
314 3936 357 3989 isti
369 3935 472 3988 librarii
490 3935 695 3990 intellexerunt:
709 3936 792 3990 relicto
804 3935 936 3989 litteram
954 3933 1046 3996 studio,
1064 3932 1198 4005 republim
1208 3955 1263 4007 ops-

197 4033 251 4066 raas
263 4015 329 4069 dedi.
342 4014 481 4069 Sallustius
495 4028 583 4070 rutam
597 4013 665 4070 dixit
680 4034 687 4070 :
700 4015 811 4070 Studien
825 4035 899 4070 assurt
914 4027 940 4067 et
951 4017 1025 4068 animi
1032 4017 1160 4087 propensio
1172 4014 1208 4067 ad
1222 4015 1264 4067 cio

193 4095 312 4165 patendo
328 4095 463 4168 republica
478 4100 560 4150 mustis
580 4115 617 4151 nse
633 4097 734 4170 israelis.
1201 4093 1208 4108 ⁴

1012 4215 1080 4300 33³
