2910 4666
607 475 899 545 JUGURTHA.
1195 471 1269 544 325

210 625 278 671 mes
292 617 471 676 transeunt.
490 605 619 675 Deinde
637 609 749 701 paucis
763 607 893 694 diebus,
903 631 969 701 quo
984 609 1031 674 ire
1047 605 1269 692 intenderant,

207 727 412 801 perventum.

263 817 387 887 CVIII.
416 818 467 886 lbi
489 844 563 888 cum
584 819 716 888 Boccho
737 818 882 888 Numida
901 818 1033 912 quidam
1050 872 1059 904 ,
1078 821 1184 912 Aspar
1205 844 1267 887 no·

210 920 324 1006 mine,
345 922 486 993 multum
508 939 541 993 et
557 924 759 993 familiariter
780 925 917 1018 agebat3
937 926 1123 1017 praemissus
1141 924 1183 992 ab
1205 927 1267 992 Ju-

210 1029 348 1118 gurtba,
366 1045 540 1125 postquam
566 1029 688 1100 Sullam
717 1032 857 1100 accitum
886 1029 1051 1117 audierat,
1079 1044 1213 1117 orator,
1235 1043 1269 1099 et

210 1133 346 1204 subdole
373 1136 593 1232 speculatum¹
612 1137 736 1206 Bocchi
762 1135 896 1204 consilia
922 1161 929 1204 :
950 1150 1108 1230 preterea
1130 1135 1268 1224 Dabar,

209 1239 433 1336 Massugradae
448 1241 564 1330 filius²,
579 1269 619 1312 ex
634 1258 730 1338 gente
743 1243 939 1330 Masinissa,
954 1255 1101 1310 ceterum
1115 1255 1267 1310 materno

207 1369 326 1440 genere
339 1351 446 1444 impar
458 1345 471 1436 l
483 1375 560 1418 nam
578 1365 672 1444 pater
693 1353 762 1444 ejus
784 1374 824 1417 ex
843 1347 1028 1418 concubina
1048 1361 1141 1416 ortus
1160 1339 1266 1436 erat),

207 1451 327 1523 Mauro
345 1455 389 1523 ob
407 1458 528 1551 ingenii
547 1455 651 1524 multa
672 1457 760 1525 bona
780 1479 876 1524 carus
904 1469 1146 1549 acceptusque:
1165 1478 1264 1547 quem

204 1559 355 1630 Bocchus
380 1547 508 1630 fidum³
537 1561 648 1631 multis
680 1577 774 1631 antea
809 1561 1057 1656 tempestatibus
1089 1574 1265 1654 expertus,
1338 1629 1341 1639 ,

204 1659 292 1734 illico
310 1666 352 1734 ad
374 1667 496 1738 Sullam
523 1671 715 1742 nunciatum
737 1669 853 1756 mittit,
872 1681 1023 1763 paratum
1045 1691 1115 1736 sese
1136 1665 1262 1754 facere,

204 1893 265 1927 uren
276 1889 352 1929 esset.
363 1909 395 1920 —
415 1878 570 1935 Aoetderant.
586 1878 630 1931 Sie
641 1879 708 1932 Cor·
760 1903 771 1924 ι
782 1879 841 1930 Iam
852 1879 926 1930 nullo
938 1890 1045 1932 auctore
1055 1877 1118 1930 belli
1134 1877 1203 1930 ultre
1214 1895 1260 1930 eu·

204 1956 257 2007 tius
271 1957 436 2028 expluribus
450 1957 524 2010 MSS.
543 1959 603 2030 Bip.
624 1959 707 2022 mele,
756 1955 947 2022 dito,·0ratores
962 1957 996 2010 ud
1012 1975 1103 2028 pacem
1118 1955 1259 2028 petendam
1336 2014 1342 2025 ,

204 2049 356 2088 accesserunt.
374 2037 465 2090 Nostri
484 2050 614 2108 quatuor,
626 2051 652 2090 et
664 2039 709 2090 ulii
754 2038 899 2090 mittunt.»
923 2037 1001 2089 Hunc
1023 2037 1104 2106 igitur
1126 2036 1259 2107 Iugurtbu

204 2115 341 2181 Cortiani,
356 2117 491 2179 accidet-arf
501 2119 545 2170 cui
556 2118 638 2170 verbo
652 2117 708 2168 sub·
752 2117 914 2187 premiserat
926 2115 958 2168 ud
978 2115 1128 2179 Boecburn,
1150 2127 1181 2168 ut
1195 2134 1258 2168 suus

196 2196 287 2263 jectum
309 2197 460 2249 intellexere
480 2196 599 2262 librarii,
614 2217 642 2248 ea
662 2216 707 2249 res.
751 2209 834 2248 orator
847 2209 874 2248 et
887 2196 962 2267 quusi
976 2195 1074 2265 legatus
1086 2206 1201 2262 esset‚et
1215 2195 1256 2247 in·

201 2272 254 2326 Sed
267 2276 372 2328 accidere
388 2274 422 2328 de
435 2275 587 2330 homiuibus
603 2293 708 2349 proque
751 2293 831 2346 super
843 2275 931 2328 Merui
948 2274 1056 2328 consiliu
1068 2271 1180 2326 subdole
1197 2293 1256 2346 spe·

203 2351 319 2420 dicitur3
335 2355 398 2429 Sup.
415 2357 605 2408 LXXXVIII:
622 2383 632 2404 ι
646 2358 708 2422 Quo
750 2355 890 2408 cularetur.
912 2351 1099 2408 Animadverte
1113 2353 1182 2405 hauc
1195 2372 1255 2406 rer-

203 2433 360 2505 improvisus
379 2437 484 2507 gravior
501 2437 625 2489 waldem.
645 2463 655 2482 ι
673 2438 708 2490 Et
749 2434 845 2487 borum
861 2447 1019 2488 structurum
1030 2471 1038 2498 ,
1050 2437 1187 2503 praemissus
1202 2453 1256 2484 ora·

202 2512 253 2565 boc
265 2515 374 2567 verbnm
387 2516 499 2568 maxime
508 2516 647 2588 proprium
659 2531 705 2570 est.
750 2527 789 2566 tor
800 2527 825 2565 et
837 2507 1021 2586 [premissus]
1033 2513 1187 2583 speculatum.

203 2592 272 2645 Nam
285 2593 413 2648 adventus
427 2609 570 2661 eorum,ut
580 2615 653 2650 meus
663 2598 708 2650 uli·
791 2614 816 2647 a.
827 2591 1079 2663 Marsugmdoefilr'us.
1089 2590 1160 2644 Vide
1174 2603 1253 2646 stem·

202 2673 278 2742 quis,
293 2675 407 2744 perculit
428 2675 601 2746 Iugurtham,
629 2689 706 2748 atque
750 2693 791 2725 rna
806 2673 950 2727 Masinissa
962 2672 1079 2736 familie,
1096 2691 1154 2743 sup.
1169 2671 1211 2737 V,
1225 2690 1252 2725 n.

201 2769 249 2822 per
260 2765 344 2806 castra
352 2757 423 2826 ejus,
432 2766 460 2806 ut
470 2757 607 2806 miraculum
615 2749 626 2817 (
634 2757 704 2810 cons.
753 2771 796 2806 ιο.
804 2785 843 2796 -
851 2755 894 2806 Ex
904 2753 1042 2805 canabina.
1052 2751 1092 2804 Sc.
1101 2751 1253 2804 Masinissa.

200 2829 263 2884 Tac.
283 2834 345 2903 Agr.
365 2851 452 2887 xxrrrr
461 2830 485 2898 l,
499 2832 705 2906 progredieban-
789 2833 815 2886 3.
835 2834 912 2903 (laem
924 2833 1033 2886 Boculus
1041 2829 1129 2901 fidon.
1147 2831 1254 2885 Curtius

201 2923 253 2964 tur.
270 2913 353 2965 Aliter
368 2915 415 2985 qui
429 2914 541 2966 transire
560 2914 705 2970 ineolumee
741 2911 821 2982 fidum
834 2914 952 2966 Romanis.
966 2911 1056 2965 Nostri
1066 2909 1253 2981 omnes,fidum

199 2991 365 3060 potuissent?
385 3025 425 3036 —
444 2993 567 3046 Ceterum
587 3012 642 3047 non
663 3014 705 3049 res
747 2993 926 3045 essellomunis.
938 2990 1251 3063 De'quureGltreunut:

200 3067 308 3142 indigna
323 3071 483 3144 philosopho
499 3073 611 3144 Syllam,
629 3073 704 3126 abdi·
751 3097 761 3118 ι
777 3071 847 3124 Illud
863 3073 976 3124 Romanis
985 3090 1040 3124 nou
1051 3070 1150 3124 babent
1161 3089 1253 3124 omues

198 3161 255 3202 cata
277 3149 419 3218 dictatura,
440 3171 488 3224 per
504 3171 550 3205 ora
565 3153 704 3207 bominum
746 3149 870 3216 codices,
887 3170 936 3204 uec
948 3149 980 3203 ud
1000 3150 1068 3222 regis
1082 3148 1254 3203 commodum

199 3247 290 3282 secure
303 3231 468 3284 incedentem
481 3232 601 3296 miranti,
610 3233 704 3286 memi-
747 3229 894 3302 quidquam
907 3231 1034 3283 attinebat
1052 3249 1114 3281 eum
1127 3230 1253 3282 Romanis

198 3309 268 3362 nisse
281 3309 402 3364 eumdem
411 3349 419 3377 ,
428 3330 511 3383 quum
520 3311 703 3365 tantummodo
746 3309 832 3362 lidum
843 3329 914 3373 esse,
926 3307 972 3362 sed
982 3309 1071 3380 potius
1082 3321 1185 3380 gratum
1197 3309 1250 3361 Ro·

199 3401 314 3459 qunstor
325 3403 410 3455 esset,
426 3409 472 3444 sua
487 3391 576 3462 potius
595 3390 703 3444 audacia
746 3391 830 3442 munis
843 3409 872 3442 uc
885 3386 970 3441 Ildum
984 3388 1048 3457 regi.
1062 3386 1158 3440 Badius
1171 3387 1250 3440 etium

199 3467 314 3534 fretum,
335 3489 412 3541 quum
440 3471 569 3523 levissima
597 3471 703 3524 barbari
746 3469 842 3521 omisit.
860 3495 871 3514 ι
889 3467 1022 3520 Hactenus
1041 3467 1093 3518 ille.
1116 3465 1252 3520 Addemus

199 3545 269 3610 fide,
284 3561 386 3602 tantum
403 3551 543 3621 Iugurtha
563 3563 602 3602 tot
619 3551 704 3602 homi-
746 3543 1111 3617 nonriderenos,quomodo
1121 3546 1251 3598 Dabarem

198 3645 263 3680 num
277 3629 394 3682 millibus
410 3631 506 3700 stipato
523 3630 597 3701 quasi
611 3643 703 3700 stupo-
739 3625 820 3696 fidum
843 3627 956 3678 Romanis
976 3625 1054 3676 multis
1077 3625 1251 3696 tempestatibus

197 3726 252 3760 rem
264 3707 433 3779 injecisse,ut
443 3710 488 3762 ille
496 3707 619 3762 adversus
632 3711 702 3762 iner-
745 3703 1253 3778 experiripotuissetlloccbumcuinulla
1297 3753 1300 3762 ,

196 3805 267 3839 ruem
278 3787 333 3840 l'ere
342 3799 368 3840 et
378 3787 572 3860 deprehensum
584 3808 702 3842 commo·
745 3783 832 3838 adhuc
853 3805 913 3838 oum
936 3785 1062 3838 Romanis
1077 3785 1186 3838 societas
1205 3798 1251 3838 aut

194 3885 257 3920 vere
272 3885 300 3918 se
312 3885 367 3919 nou
382 3886 458 3920 ausus
470 3869 557 3921 luerit.
745 3859 869 3918 amicitia·
884 3865 982 3918 luisset.
1009 3864 1138 3918 Prtetereu
1165 3861 1252 3922 fidunt

234 3947 301 4001 Cur.
317 3947 416 4000 CVIII.
431 3965 455 4004 1.
465 3947 559 4000 omar
572 3960 596 3999 et
605 3947 701 4000 subdole
745 3946 860 4016 aliquem
873 3944 951 4006 nobis,
972 3963 1019 3995 nore
1034 3944 1090 4006 alii,
1108 3947 1249 4016 experimur.

194 4025 346 4094 speculatum.
368 4026 466 4080 Orator
487 4025 585 4079 dicitur
603 4028 701 4098 legatus
745 4025 893 4096 llejecimus
913 4042 975 4094 ergo
997 4042 1059 4076 cum
1080 4023 1138 4096 Bip.
1158 4025 1248 4077 absur-

193 4119 256 4159 cum
264 4103 395 4160 mandetis
404 4107 569 4161 mittunbiv.
578 4125 640 4174 xxx,
652 4110 700 4161 16:
745 4102 811 4157 duur
825 4101 891 4157 illud
906 4103 1028 4156 noma.

986 4197 1065 4306 ‚2¹3
1084 4261 1103 4302 1·
1119 4257 1139 4302 e
