2910 4666
245 331 318 402 388
631 331 907 400 SALLUSTII

242 464 292 533 bis
324 465 446 532 sumtui
477 463 641 556 onerique.
678 459 806 550 Gallia,
833 463 1000 556 superiore
1032 486 1143 550 anno,
1172 462 1293 532 Metelli

243 571 422 639 exercitum
452 568 612 663 stipendio
642 569 872 661 frumentoque
900 567 979 636 aluit
1002 592 1010 635 :
1036 582 1069 636 et
1089 593 1177 637 nunc
1205 569 1293 638 malis

242 675 406 744 fructibus
412 659 435 698 ¹⁶
453 677 524 770 ipsa
538 675 595 742 vix
604 675 714 769 agitat.
732 677 804 768 Ego
817 698 885 742 non
895 698 966 742 rem
979 671 1169 742 familiarem
1181 675 1294 760 modo,

242 805 358 849 verum
380 783 478 850 etiam
501 779 600 849 fidem
624 781 798 848 consumsi.
818 777 947 872 Reliqui
965 803 1023 848 vos
1041 781 1117 848 estis
1137 805 1144 846 :
1164 782 1220 875 qui
1236 782 1293 850 nisi

242 887 437 974 subvenitis,
457 888 560 954 inrito
581 901 615 955 et
634 885 830 980 praedicente
854 909 929 972 me,
954 887 1114 954 exercitus
1136 885 1239 973 binc,
1262 900 1294 954 et

241 1017 316 1061 cum
327 1018 366 1062 eo
378 1017 476 1062 omne
488 991 610 1060 bellum
618 991 784 1086 Hispaniae
793 993 827 1058 in
838 989 968 1058 Italiam
980 991 1289 1085 transgredientur.»

291 1101 443 1193 Namque
457 1097 508 1167 his
524 1112 643 1192 preter
652 1096 747 1166 solite
758 1098 881 1164 vitiosis
894 1095 1180 1188 magistratibus¹⁷,
1193 1122 1291 1191 quum

239 1229 299 1300 per
328 1229 460 1274 omnem
494 1205 699 1298 provinciam
727 1201 961 1270 infecunditate
990 1202 1112 1270 biennii
1143 1206 1291 1295 proxumi

240 1335 340 1406 grave
358 1311 500 1404 pretinm
522 1308 683 1378 fructibus
701 1322 795 1376 esset.
816 1309 907 1376 Non.
931 1309 1058 1394 Grave,
1083 1309 1228 1377 multum

292 1418 335 1484 Hi
349 1414 484 1485 saltibus
495 1415 680 1509 occupatis,
691 1413 972 1481 Termestinorum
982 1398 1004 1436 ¹⁸
1014 1437 1114 1506 agros
1126 1415 1291 1482 invasere:

239 1522 460 1614 frumentique
481 1545 522 1588 ex
542 1521 653 1614 inopia
674 1521 766 1613 gravi
793 1518 889 1588 satias
913 1517 1007 1588 facta.
1032 1518 1145 1605 Idem,
1175 1523 1292 1590 Satan

235 1653 302 1724 pro
318 1631 470 1694 satietas.

294 1734 409 1825 Neque
425 1733 493 1824 jam
513 1734 663 1800 sustineri
679 1744 809 1826 poterat
827 1731 1022 1799 immensum
1040 1745 1139 1800 aucto
1152 1732 1250 1817 mari,
1261 1745 1292 1799 et

240 1853 341 1906 vento
359 1836 517 1931 gliscenti.
534 1837 648 1924 Idem,
667 1840 790 1908 Gliscit
804 1851 857 1903 est
868 1838 1090 1930 congelascit,
1107 1838 1289 1931 colbgitnr,

242 1949 401 2038 ignescet,
426 1941 585 2012 cresct't¹⁹.

294 2051 342 2118 Ac
371 2064 441 2117 tum
467 2073 619 2118 maxume
628 2046 663 2132 ²⁰,
685 2049 733 2116 uti
757 2047 840 2117 solet
858 2049 1011 2118 extremis
1033 2049 1068 2116 in
1092 2047 1207 2135 rebus,
1235 2048 1294 2118 sibi

245 2232 318 2308 quod
330 2235 361 2286 fit
377 2235 410 2286 ab
423 2235 488 2286 ultro
502 2228 547 2296 (ut
556 2237 620 2286 citro
632 2251 647 2286 a
657 2223 748 2296 citra),
793 2231 833 2283 ris
853 2230 985 2303 Hispanias
1003 2229 1103 2303 populi.
1126 2231 1178 2284 Eos
1192 2251 1294 2304 quoqne

245 2327 270 2368 et
282 2317 469 2385 progressionem
482 2313 617 2384 aliquam,
639 2331 683 2364 seu
699 2331 748 2364 mo·
796 2309 924 2363 intellexit
939 2311 977 2362 De
990 2312 1035 2364 Br.
1051 2329 1100 2377 ιιι,
1122 2309 1164 2364 3ο.
1193 2311 1293 2365 Scilicet

247 2405 295 2448 tum
311 2395 407 2445 ulterius
415 2395 532 2460 serentem
543 2390 679 2463 signifieat.
695 2391 749 2444 Nec
793 2385 949 2460 Pompeius,
971 2388 1055 2442 donec
1069 2401 1173 2442 senatus
1195 2391 1219 2444 ei
1237 2393 1295 2444 sub·

246 2473 296 2525 alia
308 2478 385 2525 eausa
398 2485 454 2538 est,
470 2491 519 2524 cnr
533 2473 596 2522 nitro
611 2483 662 2523 tam
678 2489 749 2522 com·
793 2468 909 2532 veniret,
925 2469 1036 2521 inillam
1052 2469 1185 2540 regionem
1200 2473 1296 2523 exerci-

246 2550 325 2605 mode
337 2552 480 2621 significet,
493 2563 575 2621 sponte
586 2569 638 2602 sna.
649 2547 700 2601 Sed
715 2551 750 2602 ob
793 2559 850 2599 tum
870 2545 959 2614 duxit,
981 2549 1069 2618 ibique
1082 2549 1296 2602 frumentnmeb-

248 2629 367 2684 eamdem
384 2631 529 2701 originem,
545 2648 599 2680 non
614 2629 700 2682 minus
716 2629 752 2682 fa·
794 2622 866 2678 unde
878 2626 987 2680 invenit.
1006 2659 1046 2669 —
1066 2626 1156 2680 Satias.
1181 2627 1239 2682 Hoc
1251 2648 1296 2682 no·

249 2711 299 2763 cile
315 2707 380 2760 illud
396 2709 591 2779 interpreteris,
605 2711 705 2778 imuper.
794 2705 922 2757 minativo
934 2707 975 2758 nsi
990 2725 1095 2777 quoque
1108 2719 1185 2772 sunt,
1199 2709 1298 2772 Livius,

294 2793 337 2842 16.
358 2787 434 2839 Mans
447 2787 574 2854 fructibus.
596 2787 684 2850 Quum
705 2806 751 2840 an·
794 2792 932 2852 va11,49
949 2803 955 2836 :
979 2812 989 2831 ·
1006 2784 1131 2857 Adeoque
1147 2787 1225 2840 etiam
1243 2791 1295 2841 ric-

250 2879 340 2939 gustus
351 2867 455 2936 frugum
468 2867 752 2937 proventusfuerit.-
794 2877 864 2915 tores
883 2865 1016 2934 sanguinis
1042 2863 1170 2936 credisque
1193 2879 1295 2939 ceperat

253 2947 305 2998 Vir
322 2949 409 3016 agitat.
436 2947 488 2996 Vix
501 2963 528 2996 se
547 2945 603 3016 ipsa
617 2957 751 2998 sustentat.
794 2944 888 3006 satias;
901 2969 912 2990 ι
927 2956 953 2995 et
963 2943 1055 3009 Silius,
1072 2963 1115 3010 ιν,
1133 2962 1203 2998 rto:

253 3025 325 3078 ΒΜ,
339 3025 370 3089 1,
384 3023 457 3077 Orat,
471 3025 536 3094 Lep,
548 3044 575 3076 n.
593 3025 754 3094 flagitandi
795 3027 891 3066 Necflnir
902 3031 1204 3081 satiasse,nosisedssngninis
1217 3031 1280 3070 ardor.

253 3109 327 3174 inops.
344 3135 383 3146 -
398 3103 484 3155 Fidem
498 3105 621 3156 comensi.
638 3103 750 3158 Gallice:
840 3126 882 3175 19.
898 3109 977 3160 Vento
992 3111 1109 3178 gliscenti.
1125 3111 1164 3162 Ex
1175 3113 1297 3165 omnibus

249 3185 300 3255 j'oi
312 3187 391 3254 epiuse'
402 3202 455 3234 non
467 3183 548 3235 credit.
796 3187 1140 3259 Noniiinterpretationibus
1148 3189 1297 3245 ultimatau·

297 3282 340 3332 ¹7·
348 3262 375 3313 V
373 3267 447 3314 itrosis
453 3261 636 3332 magistratibus.
643 3261 753 3318 Harere.
798 3277 854 3317 tum
867 3285 927 3318 vera
942 3280 997 3332 est,
1010 3274 1099 3321 crescit.
1110 3301 1151 3311 ·-
1161 3269 1297 3324 Immensum

254 3343 396 3416 proponit,
413 3345 505 3394 nitrosis
523 3345 598 3410 magis
619 3344 755 3403 testaudus,-
797 3357 866 3396 arceto
882 3349 949 3399 nari.
972 3348 1061 3412 Quum
1076 3367 1147 3400 mere
1169 3349 1244 3404 valde
1257 3352 1295 3404 iu·

255 3424 371 3493 optime,
394 3435 423 3474 ut
436 3423 540 3493 opinor.
562 3421 619 3473 Hoc
635 3423 704 3474 refer
720 3421 754 3476 ed
798 3425 942 3478 tumuisset.
969 3427 1026 3479 Hoc
1043 3429 1083 3480 De
1100 3427 1144 3479 Br.
1163 3447 1201 3494 rr,
1217 3437 1249 3495 4,
1264 3427 1296 3482 ad

256 3503 360 3572 frugum
386 3501 522 3572 inopiam,
554 3499 587 3553 de
605 3519 656 3571 qua
677 3521 754 3574 supra
797 3503 885 3573 fugam
900 3505 1009 3558 Sertorii
1024 3507 1057 3559 ab
1073 3507 1159 3559 Asinio
1174 3509 1243 3579 pulsi
1256 3529 1296 3562 re-

254 3602 282 3633 u.
302 3603 328 3650 9.
348 3581 483 3644 Ceterum,
499 3583 582 3631 nitr'osi
592 3581 755 3650 magistratus
796 3583 865 3648 fert,
878 3581 938 3637 vide
952 3604 1009 3656 sup.
1022 3587 1257 3658 1.11‚n.28et17.

255 3673 333 3727 sunt,
345 3661 509 3730 magistratus
526 3663 587 3710 vitio
604 3661 687 3712 eneti.
703 3659 754 3712 Sed
840 3681 884 3714 so.
906 3665 946 3715 Ac
967 3676 1015 3716 tum
1032 3684 1145 3717 marsone.
1163 3667 1202 3718 De
1221 3669 1298 3739 Cyzi·

255 3759 309 3792 non
331 3753 451 3811 apparet,
465 3735 529 3808 quid
542 3737 593 3789 hoc
606 3735 639 3788 ad
658 3757 723 3791 rem.
795 3741 868 3792 cenis
886 3743 992 3812 agitur;
1017 3763 1098 3816 quum
1117 3743 1298 3811 Mithridates,

302 3821 346 3873 18.
367 3821 566 3870 Termestinorum.
582 3815 639 3868 Hoc
651 3817 753 3890 exLip-
797 3820 925 3873 machinis
938 3835 964 3875 et
980 3825 1097 3876 turribus
1113 3821 1240 3891 admotis,
1253 3846 1297 3879 ur·

254 3897 293 3951 sio
314 3899 493 3969 reposuimus,
509 3915 559 3967 pro
572 3895 691 3966 vulgato,
706 3909 754 3950 tum
797 3897 872 3965 bem,
884 3902 951 3953 mari
969 3903 1045 3955 simul
1065 3916 1091 3956 et
1106 3915 1190 3970 terra,
1204 3923 1299 3978 expug-

253 3991 407 4030 enternornm.
419 3977 557 4029 Tamascani
565 3987 639 4028 erant
651 3975 755 4030 citerio·
796 3995 859 4031 nare
875 3993 1021 4036 conaretur.
1034 3984 1073 4034 De
1084 3983 1127 4036 Br.
1142 4002 1192 4050 ιιι,
1210 3992 1255 4048 4¹-
