2950 4648
246 347 321 434 rso
559 347 629 412 An
657 347 695 413 c.
725 345 984 413 cnsnnnn

245 497 333 549 tores
361 477 504 573 praedam
527 463 663 571 petunt,
687 477 766 544 victi
789 477 876 544 cives
902 489 988 544 sunt.
1015 475 1107 543 Inter
1136 477 1196 545 lias
1218 477 1308 546 diffi-

246 585 383 656 cultates
397 583 604 653 evadendum
623 598 673 652 est
693 583 767 671 tibi3
783 596 881 676 atque
903 583 935 648 in
955 595 1124 677 posterum
1143 583 1308 652 firmanda

247 690 429 790 respublica
439 715 533 780 ,mon
542 691 642 758 armis
654 689 771 777 modu,
784 713 890 784 neque
905 689 1079 756 adversum
1092 689 1219 778 hostes,
1231 690 1310 777 sed,

247 798 336 892 quod
357 796 463 867 multo
481 797 586 890 majus
604 796 774 892 multoque
791 797 936 892 asperius
956 811 1024 880 est,
1044 795 1138 864 bonis
1156 798 1247 891 pacis
1260 822 1310 864 ar·
1347 787 1352 798 ’

247 905 344 974 tibus.
364 909 455 1000 Ergo
474 930 588 974 omnes
606 929 726 999 magna
738 904 959 998 mediocrique
978 889 1151 998 sapientia⁵
1169 929 1220 972 res
1239 904 1309 971 huc

247 1027 362 1099 vocat,
385 1035 458 1106 quae
477 1013 614 1106 quisque
636 1027 774 1107 optuma
795 1025 921 1106 potest,
940 1011 988 1078 uti
1013 1009 1133 1078 dicunt.
1154 1011 1203 1078 ilc
1227 1010 1309 1077 milri

247 1119 293 1186 sic
308 1118 438 1186 videtur
452 1145 459 1186 :
471 1118 702 1213 qualicumque
716 1118 816 1187 modo
828 1133 863 1186 tu
875 1119 1046 1186 victoriam
1064 1117 1312 1210 composueris,

246 1225 293 1292 ita
310 1223 372 1292 ulia
392 1227 503 1294 omnia
522 1226 642 1294 futura.

301 1333 345 1398 Il.
372 1331 435 1399 Sed
451 1332 538 1424 jam,
561 1357 629 1426 quo
648 1330 765 1400 melius
784 1329 976 1425 faciliusque
1002 1329 1200 1416 constituos,
1222 1353 1306 1422 pau·

249 1439 315 1524 cis,
336 1463 409 1530 quae
425 1463 478 1505 me
499 1441 627 1507 animus
645 1453 775 1524 monet,
790 1439 910 1533 accipe.
930 1435 1056 1505 Bellum
1075 1436 1133 1504 tibi
1158 1435 1232 1520 luit,
1249 1435 1312 1502 im·

248 1557 396 1636 perator,
411 1569 486 1611 cunr
505 1544 638 1612 homine
650 1545 754 1632 claro,
772 1547 900 1638 magnis
921 1543 1057 1639 opibus,
1074 1541 1171 1610 avido
1193 1554 1311 1634 poten-

250 1650 323 1732 tiae,
345 1649 469 1741 majore
484 1648 632 1738 fortuna,
649 1676 747 1744 quam
767 1652 925 1744 sapientie
941 1676 949 1716 :
968 1673 1066 1742 quem
1085 1649 1213 1742 sequuti
1232 1659 1311 1714 sunt

250 1755 364 1848 pauci,
378 1779 438 1848 per
452 1779 544 1824 suam
557 1756 727 1849 injuriam¹
744 1757 801 1824 tibi
817 1756 957 1842 inimici3
973 1757 1051 1823 item
1062 1779 1144 1848 quos
1154 1752 1314 1838 affinitas,

250 1875 308 1928 aut
330 1858 393 1928 alia
419 1862 624 1930 necessitudo
651 1864 757 1929 traxit.
782 1866 867 1929 Nam
892 1863 1057 1956 particeps
1080 1860 1314 1928 dominationis

251 1991 358 2060 neque
376 1967 438 2034 fuit
458 1970 646 2060 quisquam3
664 1991 789 2060 neque,
806 1969 831 2036 si
854 1969 922 2061 pati
941 1968 1116 2061 potuisset,
1133 1965 1221 2034 orbis
1239 1979 1311 2033 ter-

294 2166 319 2219 5.
336 2167 432 2236 Magna
456 2167 611 2239 mediocrique
632 2171 759 2239 supientia.
806 2170 898 2221 tellum
915 2167 1080 2239 Scipionem,
1098 2166 1242 2232 Catonem,
1265 2165 1312 2218 ci-

253 2245 377 2315 Scilicet,
389 2245 549 2302 mediocrem
563 2247 613 2300 sibi
627 2248 760 2310 tribuens,
805 2267 942 2316 ceroucm,
954 2260 981 2301 ct
994 2247 1059 2301 elios
1070 2265 1079 2312 3
1089 2265 1155 2317 quos
1162 2245 1231 2298 inter
1241 2263 1312 2297 unus

253 2327 392 2379 consilium
404 2341 507 2381 excuset
520 2347 611 2396 suum,
622 2325 695 2399 quod
703 2328 760 2381 Cu·
806 2329 874 2382 Cato
891 2330 973 2384 solem
985 2327 1176 2398 rempublicam
1191 2324 1314 2395 respicie-

253 2424 338 2458 surem
347 2405 380 2458 dc
392 2408 482 2460 officio
492 2427 601 2460 monere
613 2405 763 2460 audeut.-—-
804 2409 857 2461 bat.
883 2408 973 2462 Senec.
987 2407 1098 2478 Epistol.
1115 2421 1184 2459 σιντ
1200 2430 1211 2451 ι
1220 2405 1314 2469 Quum

257 2485 431 2558 Quodcumque
447 2487 530 2550 modo,
545 2501 594 2540 etc.
621 2489 661 2540 Ex
676 2505 761 2540 cara·
805 2489 849 2540 alii
863 2487 897 2540 ed
907 2482 1313 2550 Caeseremincliuerent,uliicd

253 2566 327 2618 tione
341 2585 392 2636 que
402 2579 431 2618 tu
444 2585 486 2620 res
495 2585 587 2620 omnes
595 2567 681 2621 victor
689 2585 762 2619 com·
805 2568 974 2640 Pompeium,
986 2568 1057 2619 solus
1067 2565 1201 2619 Cetolecit
1212 2565 1313 2634 aliquus

255 2645 375 2715 posueris
390 2686 398 2712 ‚
420 2647 538 2699 futurem
559 2647 640 2700 t'otius
656 2646 763 2718 imperii
805 2661 832 2701 et
845 2647 997 2720 reipublice
1008 2659 1104 2719 partes.
1118 2645 1146 2698 Si
1156 2645 1245 2698 animo
1255 2661 1313 2694 am-

255 2737 353 2776 sortem
370 2724 494 2796 pendere.
518 2757 558 2769 -
580 2727 619 2778 Ex
638 2739 695 2778 toto
710 2726 762 2779 hoc
804 2728 885 2800 plecti
893 2728 1007 2782 volueris
1016 2725 1235 2796 illiusimeginem
1248 2735 1316 2775 tem-

255 2803 424 2856 munifestum
451 2817 488 2857 est
511 2806 579 2857 hanc
608 2806 761 2878 epistolam,
805 2808 899 2880 poris,
919 2806 1022 2860 videbis
1042 2806 1115 2858 illinc
1137 2805 1260 2876 plebem,
1286 2816 1315 2855 ct

254 2893 315 2951 post
330 2884 479 2936 confectum
493 2883 612 2950 bellum,
637 2885 763 2956 scriptam
805 2907 912 2940 omnem
925 2899 1042 2940 erectum
1055 2883 1088 2937 ed
1104 2903 1186 2936 noves
1198 2903 1241 2936 res
1253 2882 1315 2934 vul-

255 2961 350 3025 fuisse3
364 2961 425 3014 ideo
438 2963 518 3016 altera
531 2965 712 3034 posteriorem.
804 2986 883 3040 guum
898 2968 961 3020 hinc
972 2967 1112 3038 optimates
1124 2977 1151 3017 et
1165 2975 1314 3035 equestrem

294 3041 360 3092 Cn.
375 3042 412 3094 ΙΙ.
439 3060 462 3094 1.
483 3045 533 3094 Per
552 3063 619 3095 suam
642 3046 761 3113 iujuriam.
805 3047 940 3110 ordinem,
957 3043 1088 3118 quidquid
1101 3043 1317 3097 eretincivitute

256 3119 325 3184 Quia
339 3121 388 3173 tibi
405 3121 528 3191 injuriam
544 3123 667 3177 fecerant.
679 3124 761 3193 Num,
806 3129 889 3181 suncti
904 3139 931 3180 et
945 3125 1005 3180 lecti
1018 3145 1026 3192 ;
1047 3123 1114 3178 duos
1127 3124 1156 3176 in
1169 3120 1258 3176 medio
1270 3139 1317 3174 re.

256 3211 321 3252 teste
341 3200 450 3270 Tacito,
465 3204 552 3274 Agric.
572 3223 629 3256 xm
647 3221 654 3256 :
676 3229 687 3250 ι
697 3205 763 3256 Pro·
804 3209 895 3273 lictus,
910 3207 1101 3278 rempublicam
1111 3216 1137 3256 et
1147 3205 1317 3257 Catonem...

257 3281 342 3350 prium
364 3279 474 3334 humani
489 3283 587 3355 ingenii
608 3296 660 3349 est,
676 3283 763 3338 odisse
805 3281 1316 3352 Ait[Cuto]ee‚siCaesarvicer'it‚m01-i-

254 3377 333 3429 quem
347 3361 474 3415 laeseris.»
490 3364 568 3417 Hunc
583 3383 688 3418 sensum
701 3383 763 3418 con·
806 3381 912 3432 turum;
924 3369 945 3420 si
951 3364 1289 3438 Pompeius,exuleturum.
1299 3387 1313 3407 ι

254 3439 343 3493 fimum
355 3443 410 3495 Cic.
425 3444 508 3514 Epist.
525 3443 558 3497 ed
572 3448 625 3497 Att.
646 3463 688 3510 ιι,
709 3463 761 3514 19:
805 3481 845 3492 -
856 3449 885 3501 Si
892 3451 949 3518 pati
956 3449 1080 3519 potuisset.
1088 3445 1192 3497 Scilicet
1199 3441 1317 3512 aliquem

259 3543 271 3564 ι
287 3520 342 3573 Nec
358 3535 453 3592 preter
470 3542 513 3576 me
530 3525 668 3595 quisquam
687 3525 762 3576 ltalia
806 3527 994 3581 dominationis
1008 3545 1060 3580 suto
1069 3525 1234 3597 participem.
1248 3523 1317 3573 Luc.

255 3601 347 3667 cessit,
366 3601 416 3654 nisi
428 3603 555 3672 quilrunc
567 3604 702 3657 inimicum
712 3604 762 3656 sibi
805 3609 896 3661 Phars.
913 3627 937 3673 1,
955 3607 1032 3660 125:

255 3691 389 3747 putaret.»
405 3682 507 3752 Nempe
519 3683 568 3735 sibi
577 3684 675 3736 conscii
689 3697 763 3737 eraut
806 3694 848 3734 Nee
858 3690 1080 3747 quomqumimsem
1086 3697 1149 3742 poree
1159 3687 1250 3728 ὑπ’
1261 3685 1317 3738 peto-

255 3776 283 3808 se
294 3761 349 3830 ejus
361 3761 499 3814 ambitioni
512 3761 661 3815 adversatos
673 3763 761 3816 fuisse.
872 3777 923 3812 ΝΙΙἰ

256 3836 380 3892 Ceterum
394 3842 539 3894 nobilitatis
558 3843 690 3912 principes
701 3861 763 3895 con·
805 3835 934 3887 Pompeium
947 3845 1022 3887 W·

257 3916 485 3990 suleresqueriros
498 3921 634 3994 intelligit,
649 3923 761 3975 Marcel·
805 3923 872 3972 Item
890 3919 1016 3983 Flor.1v‚
1033 3933 1071 3968 2:
1096 3913 1175 3964 «Jam
1186 3909 1318 3979 Pompeio

255 3993 325 4060 lum,
347 4001 510 4067 Domitium,
529 4002 688 4068 Lentulum,
704 4003 761 4054 Me-
805 4011 931 4071 suspectae
946 3995 1056 4052 cesaris
1072 4010 1149 4064 opes,
1174 4001 1202 4042 el
1217 3987 1314 4043 Cfflrl
