2938 4654
475 471 477 480 X
554 375 842 446 sucunrnn.
980 321 983 328 ⁴
1142 371 1215 446 303

156 511 233 598 linit,
252 507 374 578 familia
393 533 498 604 prope
513 507 583 601 jum
604 490 786 578 exstinctu⁵
804 505 968 599 majorum
990 507 1147 602 ignavia:
1178 505 1216 584 li

157 617 235 686 teris
257 619 372 712 graecis
388 639 427 686 uc
443 613 576 684 latinis
565 627 678 708 Juxta,
697 627 796 707 atque
814 613 1029 698 doctissume,
1043 613 1217 683 eruditus·

157 725 269 792 animo
282 707 442 818 ingenti⁶=
455 721 594 816 cupidus
607 719 833 816 voluptatum,
852 718 1034 815 sedgloriae
1049 718 1218 814 cupidior:

156 831 226 898 otio
244 829 412 900 luxurioso
429 853 515 916 esse;
530 827 695 898 tamenab
707 828 849 921 negotiis
866 835 1048 921 numquam
1066 825 1220 922 voluptas

156 950 340 1024 remorata,
361 936 423 1006 nisi
444 933 535 1030 quod
553 934 595 1004 de
612 959 715 1004 uxore
735 934 844 1028 potuit
863 933 1034 1004 honestius
1056 933 1220 1004 oonsuli⁷·:

156 1149 244 1199 lorem
266 1159 349 1199 notat.
373 1146 455 1216 Atqui
476 1145 578 1216 Syllae,
605 1158 670 1199 teste
713 1143 784 1216 sylla
796 1144 924 1215 potuisset
935 1144 1072 1198 honestius
1084 1147 1221 1200 consulere

159 1226 321 1291 Plutarcho,
332 1245 405 1278 aurea
428 1229 536 1278 cesaries
546 1226 607 1292 fuit.
619 1224 670 1278 Ha·
714 1219 878 1286 (honestius
899 1224 1038 1276 consilium
1060 1222 1164 1296 sequi)
1186 1225 1220 1278 de

157 1307 220 1359 buit
233 1323 296 1377 ergo
312 1322 471 1376 cognomen,
484 1323 567 1377 quum
579 1323 594 1358 e
607 1323 670 1376 pro·
714 1323 813 1367 uxore,
827 1303 844 1356 i.
858 1323 880 1357 e.
895 1301 969 1375 quod
983 1301 1017 1356 ad
1039 1322 1149 1357 uxorem
1164 1325 1223 1377 per-

159 1387 222 1458 prio
236 1387 340 1452 colore,
351 1397 409 1438 tum
420 1403 435 1438 e
445 1386 589 1457 majoribus
604 1386 671 1450 suis,
714 1383 790 1437 tinet.
804 1384 905 1437 levero
919 1384 1010 1456 plures
1024 1383 1118 1437 habuit
1128 1403 1222 1438 uxores

160 1479 264 1519 mutato
281 1466 433 1534 vocabulo,
457 1477 560 1518 umato
584 1483 670 1518 sensu.
715 1457 768 1526 (ad
778 1463 896 1536 quinque
905 1463 1025 1517 nominat
1033 1463 1224 1533 Plutarchus),

160 1543 264 1600 Eadem
281 1545 383 1598 ratione
401 1545 457 1617 ipse
472 1557 563 1616 postea
582 1545 669 1607 Felix,
714 1543 817 1613 nec,de
829 1563 882 1616 qua
890 1543 935 1597 hic
942 1544 1123 1616 agatur,inter
1130 1544 1223 1599 doctos

160 1625 234 1679 filius
251 1638 339 1678 autem
350 1626 457 1680 Faustin
469 1623 555 1678 dictus
570 1637 673 1678 cst—-
715 1636 824 1677 constet.
838 1623 896 1676 Huc
911 1623 1020 1718 quidam
1031 1625 1059 1677 in
1074 1644 1170 1697 genere
1181 1627 1223 1680 in·

162 1707 199 1760 N.
215 1707 247 1760 B.
262 1707 303 1759 Ex
317 1706 369 1759 hoc
388 1718 494 1777 etymo,
512 1703 663 1776 quode
600 1705 672 1758 clv.
716 1704 854 1775 telliguut,
865 1723 940 1776 quaer
933 1703 1051 1758 dixerit
1069 1705 1223 1772 Sallustius,

162 1787 205 1838 De
224 1787 324 1839 Brosses
344 1787 440 1839 merito
459 1785 559 1856 placet,
579 1785 674 1838 melius
716 1784 815 1856 Syllum
836 1803 923 1855 purum
951 1797 1031 1841 sancte
1051 1791 1224 1840 matrimonium

162 1848 298 1920 duceretur
305 1864 379 1928 Silla,
389 1883 468 1958 quam
477 1865 556 1936 Sytta.
564 1861 673 1918 Sedhoc
717 1865 823 1916 coluisse.
833 1863 867 1918 Et
876 1877 941 1917 teste
949 1863 1059 1935 qmdern
1067 1866 1224 1933 Plutarcho,

163 1965 217 1998 usu
233 1945 672 2017 invaluit5etips1Grncrscrrhe
717 1943 837 2014 quamvis
858 1961 969 2000 usonem
988 1943 1062 1998 domi
1084 1945 1226 2012 hahuerit,

162 2027 231 2079 haut
244 2026 346 2088 Σύλλας.
717 2023 873 2076 mulieribus
881 2037 969 2077 tumen
979 2025 1226 2080 mrmuetcrthsru·

209 2106 235 2158 ⁵.
261 2107 341 2176 Prope
357 2107 408 2178 jam
423 2109 547 2158 exstincta.
570 2104 675 2156 Uunse
718 2101 1227 2170 tislihidinoseusueest.Quemeensum

164 2185 246 2256 Sylla
259 2185 415 2257 majoribus,
429 2185 459 2237 P.
472 2184 611 2238 Cornelius
623 2185 677 2236 Ru·
718 2181 789 2236 idem
800 2183 958 2236 confirmare
970 2182 1077 2236 uidetur
1087 2185 1129 2238 his
1139 2187 1226 2240 verbis

164 2267 254 2328 finus,
269 2265 367 2320 iterum
380 2265 510 2318 cousulA.
521 2264 554 2316 U.
566 2263 596 2316 C.
609 2269 676 2334 477,
720 2259 730 2325 (
746 2264 774 2315 in
785 2281 901 2334 compar.
918 2263 997 2334 Syllte
1010 2276 1038 2317 et
1052 2263 1183 2336 Lysandri
1194 2262 1205 2330 )
1220 2285 1226 2318 :

167 2344 327 2398 dictatorA.
341 2347 413 2414 ⁴7⁸2
426 2356 519 2398 senatu
534 2355 622 2396 motus
637 2355 676 2396 eet
723 2369 735 2392 ι
750 2345 810 2404 Τοὺς
832 2343 887 2413 usui
906 2344 993 2415 γάμων
1011 2343 1053 2396 καὶ
1075 2347 1226 2416 σωφροσύνης

167 2445 184 2479 ιι
199 2424 321 2477 Fabricio
344 2443 471 2489 censore,
492 2421 566 2494 quod
585 2421 677 2477 decem
720 2424 840 2495 ιίσιηιῑτι
853 2423 939 2492 νόμους
953 2425 1004 2485 τοῖς
1015 2425 1142 2491 πολίταις,
1155 2429 1229 2488 αὐτὸς

168 2502 263 2578 pondo
277 2523 337 2560 vusu
352 2517 475 2576 argentea
488 2516 677 2575 comparasset,
720 2506 777 2573 ἱρῶν
791 2505 833 2556 sul
847 2503 982 2572 μοιχιύων,
998 2505 1031 2565 ὥς
1044 2523 1101 2574 φησι
1122 2507 1229 2559 runat-

6 2555 8 2654 :
123 2627 127 2633 .
168 2603 230 2656 qun
243 2583 373 2638 invidiosa
386 2596 450 2638 tunc
462 2583 590 2654 temporis
599 2584 677 2636 luxu·
721 2603 796 2644 σιιις.
813 2583 894 2654 Atqui
917 2601 972 2636 non
990 2583 1054 2636 alibi
1069 2583 1103 2636 de
1121 2586 1178 2651 his,
1201 2588 1229 2638 in

169 2665 210 2718 ria
233 2677 296 2718 erat.
319 2666 358 2717 Ex
381 2665 433 2718 hoc
454 2681 517 2716 casu
540 2682 678 2735 nunquam
720 2663 772 2716 hoc
786 2663 877 2715 saltem
891 2663 1231 2735 opere,Sallustius;unde
1297 2665 1302 2676 ⁴

170 2757 336 2798 emerserunt
344 2746 407 2815 ejus·
414 2746 573 2814 majores,et
583 2744 640 2814 ipae
651 2744 679 2796 iu
720 2743 851 2812 conjicere
864 2743 925 2796 licet
935 2745 1008 2796 hunc
1018 2745 1107 2798 locum
1114 2783 1121 2809 ‚
1129 2745 1232 2800 Plutar-

170 2823 258 2896 patria
275 2835 431 2896 paupertate
445 2836 523 2876 natue
540 2821 679 2878 educuus·
722 2823 765 2876 chi
780 2823 918 2876 scribentis
935 2824 1091 2890 memoria,
1108 2825 1231 2879 obversu-

172 2923 225 2977 qne
237 2915 284 2956 est.
297 2903 360 2957 vid.
374 2903 434 2956 val.
452 2903 522 2962 Mun.
539 2921 579 2970 11,
598 2910 679 2972 9,4,
723 2916 780 2956 tum
803 2921 866 2956 esse.
890 2903 978 2970 Quin,
997 2905 1077 2957 verba
1099 2905 1156 2976 ipsa
1175 2907 1231 2977 πιρὶ

173 2997 202 3038 et
216 2983 350 3036 Plutarch.
363 2983 391 3034 in
405 2983 486 3054 Sylla.
722 2983 829 3053 γάμων,
851 2983 881 3034 de
901 2987 1006 3054 ιιιῳιιῖι,
1028 2983 1099 3036 idem
1125 2985 1233 3038 fortasse

215 3067 242 3116 6.
275 3064 366 3116 Animo
395 3065 494 3132 ingenti.
521 3063 631 3115 Encelso
654 3073 681 3114 et
723 3061 1038 3133 velentffloddeuwn.
1051 3064 1177 3118 Ceterum
1186 3067 1233 3137 qui

172 3161 329 3213 magnarum
357 3161 447 3196 rernm
473 3161 682 3213 magnorumque
724 3141 758 3196 de
776 3161 829 3195 uns
847 3143 935 3215 aliqua
956 3163 988 3197 ex
1008 3144 1086 3216 Sylla
1106 3146 1233 3200 uxoribus

173 3223 347 3276 consiliorum
360 3223 457 3294 capaci.
469 3223 627 3293 Quanquam
640 3241 683 3274 ex·
725 3223 781 3276 hese
789 3222 899 3294 intelligi
908 3223 1017 3288 volunt,
1025 3224 1141 3278 aller-unt
1153 3225 1232 3278 etiam

175 3304 275 3356 istimat
294 3302 382 3355 Teller
400 3299 410 3364 (
428 3300 501 3373 quod
525 3301 683 3355 Plutarchus
726 3323 741 3354 a
755 3301 916 3368 Plutarcho,
938 3321 999 3355 eum
1018 3321 1078 3355 non¹
1088 3303 1232 3357 admodum

174 3381 275 3454 Syllum
295 3395 390 3436 nature
418 3379 576 3435 iracundum
604 3394 683 3453 utque
726 3383 836 3434 honeste
851 3394 896 3433 uut
910 3383 1043 3453 supienter
1058 3385 1233 3448 consuluisse,

176 3465 302 3519 acerbum
312 3463 391 3516 luisse
400 3459 494 3527 dicit),
505 3465 584 3514 auimo
592 3465 685 3532 ingenti
726 3460 792 3515 dum
805 3461 955 3526 Valeriam,
969 3462 997 3513 in
1008 3461 1112 3516 theatro
1126 3463 1176 3516 sihi
1192 3465 1234 3516 ui·

176 3541 378 3614 intelligendum
389 3561 444 3596 esse
460 3543 614 3594 uclumeutem
628 3544 684 3612 ejus
727 3542 776 3594 mis
785 3539 1062 3607 blandientem,seuex
1069 3561 1178 3596 uxorem
1188 3542 1237 3596 du·

175 3627 293 3692 spiritum.
317 3621 369 3676 Sed
392 3623 459 3676 mibi
482 3623 564 3693 magis
586 3621 685 3674 arridet
727 3621 907 3688 xerit3minus
922 3621 1001 3676 etiam
1017 3623 1236 3696 honeste,quod,

176 3703 252 3773 prior
270 3721 368 3756 sensus.
399 3734 440 3746 -
470 3703 530 3756 Otr'o
554 3703 684 3755 luxurioso.
728 3721 832 3773 quum,
860 3699 953 3756 dicatis
976 3702 1085 3756 Herculi
1103 3705 1236 3760 honorum

176 3783 354 3846 Luxuriosus,
363 3795 389 3836 et
396 3783 446 3836 sibi
454 3782 589 3836 liberalius
595 3779 685 3834 indul·
728 3783 849 3834 omnium
860 3780 982 3850 decimis,
992 3785 1100 3857 epulum
1108 3783 1183 3838 daret
1192 3805 1238 3860 po·

177 3879 255 3931 gens,
271 3863 375 3934 quotics
395 3862 501 3934 negotia
519 3863 608 3916 locum
629 3862 686 3914 otio
728 3863 807 3934 pulo,
819 3863 953 3915 Metellum
963 3883 1072 3918 uxorem
1086 3868 1140 3936 jum
1153 3885 1238 3939 prope

179 3940 303 3995 fecerunt.
729 3943 844 3994 animam
873 3955 993 4014 agentem
1018 3944 1189 4016 repudiavit,
1204 3966 1238 4001 ne

219 4021 686 4092 7.Deuuurepotuitlrouestiuscousuli.
730 4022 800 4076 inter
815 4023 882 4076 festu
895 4035 922 4074 et
939 4021 1017 4076 ludos
1041 4023 1136 4078 donnus
1154 4040 1240 4081 morte
