2922 4642
198 365 250 412 ιιι
446 339 706 411 EDITORIS
733 341 947 410 PRAEFAT
954 341 1020 409 10.

196 483 333 554 tionem
350 478 476 569 habui,
489 497 531 553 ut
547 482 584 552 in
598 479 718 554 verbis
732 497 915 580 sequutus,
930 481 1109 579 loquutus,
1125 506 1257 579 quum,

196 601 370 668 nunciare
394 595 522 692 (quod
544 621 589 668 ex
612 595 741 668 eodem
766 594 868 667 fonte
894 610 964 683 est,
988 619 1097 694 quam
1119 620 1260 666 nuncu·

185 711 314 808 pare).
335 713 491 782 Maxima
508 736 595 783 vero
616 709 800 810 diligentia
819 709 980 782 adhibita
1000 723 1071 794 est,
1089 725 1131 781 ut
1149 711 1258 782 semel

193 840 339 923 recepta
359 825 540 898 scribendi
562 827 654 897 ratio
676 825 813 924 ubique
836 825 904 898 sihi
927 839 1078 898 constet.
1103 827 1188 898 Non
1205 839 1260 896 ta-

195 965 280 1012 men
298 943 337 1011 in
356 967 395 1012 re
413 941 585 1013 molestiae
605 967 646 1013 ac
666 941 759 1026 tadii
778 941 885 1042 plena
909 939 988 1012 fieri
1004 942 1147 1040 potuit,
1168 942 1260 1038 quin

195 1077 315 1152 operae
333 1054 389 1128 bis
412 1071 509 1130 terve
534 1055 767 1146 aberrarent3
787 1071 823 1128 et
843 1057 992 1128 memini
1010 1055 1075 1128 ubi
1094 1055 1258 1128 relictum

195 1171 240 1242 sit
248 1169 368 1267 paulo
388 1195 456 1268 pro
465 1170 622 1269 paullo;
643 1171 780 1243 locutus
799 1194 866 1267 pro
886 1169 1074 1267 loquutus,·
1086 1175 1259 1240 Muroena

197 1309 264 1382 pro
291 1291 458 1358 Murena.
495 1286 567 1358 Sed
590 1287 666 1358 haec
697 1285 888 1384 indulgens
916 1285 1030 1358 lector
1053 1310 1098 1356 eo
1121 1282 1259 1386 ¹facilius

195 1399 435 1490 condonabit,
455 1401 558 1498 quod
578 1399 805 1474 confitemur.
823 1405 947 1471 Restat
960 1413 1002 1470 ut
1020 1403 1207 1486 moneam,
1221 1399 1260 1468 in

195 1517 292 1586 notis
317 1531 353 1587 et
374 1516 554 1614 quidquid
573 1517 686 1615 ipsius
707 1516 863 1588 Sallustii
884 1529 1055 1602 nonest,
1084 1516 1202 1584 tritam
1219 1537 1259 1583 ac

193 1629 378 1728 vulgarem
398 1631 710 1730 orthographiam,
729 1655 834 1728 «quae
848 1645 886 1703 et
902 1632 979 1729 ipsa
993 1629 1177 1702 interdum
1191 1653 1259 1726 pro

192 1743 431 1818 illustratione
448 1769 525 1818 esse
544 1761 689 1845 potest»
704 1747 844 1845 (inquit
860 1747 1041 1842 Heynius‚
1056 1743 1193 1816 Praefat.
1214 1742 1260 1814 ad

194 1861 291 1958 Virg.
308 1884 378 1932 sec.
396 1861 467 1952 ed.;
482 1862 590 1933 Class.
608 1860 699 1932 Coll.
716 1865 814 1960 Virg.
833 1862 902 1932 vol.
925 1867 957 1952 1,
970 1887 1007 1960 p.
1025 1859 1092 1952 36)
1107 1883 1183 1930 esse
1201 1883 1260 1930 me

193 1991 401 2071 sequutum.
432 1979 523 2048 Nam
542 1977 774 2075 scriptionem
797 1976 842 2047 ad
865 1974 1134 2075 expediendum
1160 1973 1261 2072 quod

193 2087 340 2162 difficile
371 2106 425 2164 est
456 2107 689 2191 susceptam,
719 2092 809 2188 quid
839 2093 953 2189 ipsam
987 2089 1261 2162 difficultatibus

194 2204 371 2303 impedire
392 2207 547 2278 attinet?

243 2319 314 2392 Sed
336 2322 411 2418 jam
433 2323 531 2414 vale,
549 2321 664 2394 lector
682 2321 962 2410 humanissime;
985 2337 1024 2394 et
1048 2324 1095 2392 ita
1113 2343 1261 2419 operam

194 2459 311 2507 meam
335 2453 521 2534 acceptam
548 2435 683 2508 habere
712 2436 818 2524 velis,
846 2438 876 2509 si
902 2461 980 2508 eam
1010 2461 1081 2534 pro
1104 2461 1176 2506 una
1199 2450 1262 2506 tua

195 2551 349 2622 utilitate
367 2553 521 2648 suscepi.

588 2731 876 2748 m

132 2942 135 2946 ’
198 2945 304 3012 Notoe
322 2941 488 3014 codicum
504 2949 628 3038 Regiae
642 2943 895 3030 Bibliothecae,
913 2967 962 3012 eu
978 2941 1111 3040 quibus
1125 2957 1262 3011 textum

513 3053 676 3129 Sallustii
694 3063 949 3128 recensuimus.

259 3261 294 3314 Α.
316 3255 352 3313 n⁰
374 3257 463 3330 5748.
484 3261 513 3316 ls
525 3258 642 3318 decimo
655 3258 762 3318 saeculo
777 3271 912 3318 exaratus
927 3259 1052 3317 videtur.

256 3367 288 3422 B.
310 3397 349 3408 --
372 3363 461 3439 5752.
638 3366 731 3425 Idem.

257 3474 290 3530 C.
311 3499 351 3514 -
372 3470 460 3530 6085.
482 3475 509 3534 u
526 3471 681 3531 undecimo
697 3472 804 3532 saeculo
819 3483 952 3532 exaratus
965 3469 1092 3530 videtur.

257 3579 295 3634 D.
310 3607 349 3622 -
370 3577 458 3634 6086.
638 3577 729 3636 Idem.

258 3685 292 3741 E.
313 3715 350 3728 -
369 3683 458 3742 6088.
483 3687 571 3742 Hunc
585 3684 622 3742 ad
636 3683 830 3742 tredecimum
843 3683 933 3763 vulgo
947 3685 1093 3744 referunt.

239 3807 337 3864 Ceteri
360 3807 495 3886 ejusdem
510 3805 700 3867 Bibliothecae
719 3806 837 3866 codices
860 3807 1054 3878 reoenhores,
1077 3817 1166 3884 atque
1182 3807 1264 3874 ,adeo
1366 3801 1372 3814 '

199 3912 320 3972 levioris
335 3913 514 3973 auctoritatis
527 3926 603 3977 sunt.

610 4157 850 4184 -Φ-
