2910 4666
602 414 892 483 JUGURTHA.
1184 413 1261 490 323

205 551 311 645 prima
332 547 443 644 vigilia
461 547 588 616 siientio
609 545 719 642 egredi
738 547 841 639 jubet.
864 549 1002 641 Jamque
1023 561 1187 618 nocturno
1207 552 1263 620 iti·

205 681 284 725 nere
307 654 397 724 fessis
419 653 594 742 omnibus,
615 651 704 722 Sulla
722 655 845 748 pariter
865 679 941 722 curn
963 668 1040 722 ortu
1060 653 1136 724 solis
1156 672 1265 726 castra

207 761 416 850 metabatur,
443 785 544 856 quum
574 761 699 854 equites
726 761 837 834 Mauri
859 761 1041 848 nunciant,
1065 761 1263 856 Iugurtham

208 870 336 938 circiter
363 868 464 936 duum
490 865 627 935 millium
657 865 829 935 intervallo
848 881 925 934 ante
946 865 1139 937 consedisse.
1164 869 1264 957 Quod

207 989 380 1069 postquam
400 973 564 1062 auditum,
582 989 653 1042 tum
672 997 751 1042 vero
769 975 885 1068 ingens
901 987 1008 1042 metus
1027 988 1157 1044 nostros
1175 977 1265 1046 inva·

208 1080 272 1150 dit:
288 1080 423 1150 credere
435 1105 469 1149 se
486 1079 634 1176 proditos
648 1079 804 1149 aVoiuce
817 1094 850 1147 et
864 1079 986 1148 insidiis
1000 1081 1243 1151 circumventos
1257 1108 1265 1150 τ

208 1211 248 1256 ac
268 1187 377 1275 fuere,
396 1187 453 1281 qui
469 1187 635 1275 dicerent,
659 1211 760 1254 manu
779 1183 1031 1273 vindicandum,
1049 1181 1156 1281 neque
1176 1188 1265 1284 apud

208 1292 300 1362 illurn
313 1308 442 1362 tantum
459 1293 564 1363 scelus
582 1291 721 1362 inuitum
740 1290 1000 1386 relinquendum.

261 1401 366 1470 CVII.
395 1401 439 1468 At
459 1398 562 1487 Sulla,
578 1423 776 1493 quamquam
799 1397 912 1467 eadem
931 1398 1137 1487 aestumabat,
1153 1413 1264 1469 tamen

208 1505 251 1573 ab
268 1505 387 1598 injuria
408 1507 564 1575 Maurum
586 1503 770 1600 prohibet¹:
787 1529 864 1574 suos
884 1505 1057 1593 hortatur,
1075 1507 1122 1574 uti
1146 1503 1265 1576 fortem

207 1611 353 1680 animum
374 1627 548 1708 gererent-z
567 1637 653 1707 saepe
676 1626 772 1680 antea
790 1613 903 1708 paucis
925 1611 1065 1680 strenuis
1089 1612 1266 1681 advorsum

207 1717 470 1788 multitudinem²
501 1719 585 1788 bene
612 1733 797 1814 pugnatum
821 1745 829 1786 :
853 1733 978 1813 quanto
1004 1717 1066 1787 sibi
1092 1721 1125 1786 in
1153 1718 1267 1814 praelio

207 1825 315 1893 minus
333 1826 575 1920 pepercissent,
593 1841 687 1894 tanto
704 1826 843 1894 tutiores
863 1825 933 1893 fore
956 1851 963 1892 :
985 1849 1046 1894 nec
1066 1849 1266 1920 quemquam

208 2033 292 2085 quum
306 2014 409 2086 ιὶςιιιιιιι
429 2012 614 2086 proficiscendi
631 2011 715 2068 deret.
761 2013 861 2066 Multos
870 2014 941 2066 enim
950 2013 1040 2068 videre
1052 2015 1104 2069 tuit
1114 2016 1267 2089 profligatos

209 2093 298 2166 Vulgo
310 2093 477 2165 distinguunt
491 2113 497 2146 :
513 2097 598 2146 milites
613 2106 716 2146 conatos
760 2094 956 2166 apuucioribus
969 2095 1099 2148 exercitus
1112 2097 1147 2148 oh
1161 2097 1267 2169 imperi·

209 2173 716 2245 meincastris,igmeqroe,etc.Enostrie
759 2173 839 2239 tiam,
856 2186 882 2226 et
897 2175 1041 2226 nonnullos
1057 2193 1121 2228 vero
1144 2177 1180 2228 ob
1195 2177 1267 2248 igne·

209 2253 365 2306 Βεσωιιαιοε
378 2273 434 2305 esse.
450 2255 480 2306 Iu
492 2259 576 2306 castris
591 2257 713 2324 ignesque,
758 2252 829 2305 viem
841 2253 931 2305 animi.
946 2279 958 2300 ι
982 2283 1023 2296 -
1041 2253 1108 2306 Bene
1121 2267 1265 2326 pugnatum.

209 2345 260 2386 etc.
272 2331 323 2386 Hic
334 2333 446 2406 propior
456 2347 494 2386 est
505 2353 577 2386 vero.
593 2333 716 2386 Cortium
758 2331 825 2384 Bene
841 2351 952 2403 pugnare
971 2351 1026 2385 non
1052 2345 1091 2386 est
1111 2346 1218 2389 strenue
1239 2347 1266 2391 et

209 2412 353 2483 sequimur.
373 2445 413 2454 -
434 2413 519 2466 Prima
541 2413 638 2484 otgr'le'ae.
655 2411 715 2466 Iam
758 2409 934 2478 fortiter,eed
947 2412 1017 2465 felici
1028 2426 1125 2466 eventu
1137 2434 1264 2486 pugnare.

208 2493 358 2546 notavimus
367 2511 426 2564 sup.
435 2493 569 2561 LXVIII,
579 2513 606 2546 n.
617 2493 716 2558 3,noc·
757 2492 825 2545 Item
840 2511 900 2564 sup.
913 2492 994 2559 LIV,
1006 2495 1117 2564 proelrum
1136 2496 1197 2546 male
1216 2517 1264 2568 pu·

210 2583 281 2640 tem,
292 2573 325 2624 eb
336 2591 429 2626 occasu
444 2572 507 2626 solie
522 2572 556 2627 ad
568 2584 674 2642 ortum,
685 2574 714 2626 in
755 2585 857 2643 gnatum
869 2584 909 2625 est
920 2573 1040 2643 prelium
1053 2573 1153 2626 infelici
1168 2588 1264 2629 eventu

206 2640 349 2705 duodecim
375 2651 453 2706 hom
484 2649 555 2725 e'pud
582 2653 714 2706 Romanos
756 2653 933 2706 commissum.
949 2681 990 2695 -
1006 2653 1105 2722 Quanto
1119 2653 1208 2707 sibim.
1223 2661 1265 2708 mi·

206 2729 319 2784 divisam
331 2733 419 2786 fuisse.
436 2733 520 2786 Porro
533 2733 585 2786 iliae
597 2733 671 2786 horo
685 2733 714 2786 in
756 2752 800 2784 nus
812 2735 978 2803 pepercissent.
995 2732 1037 2786 Sic
1051 2733 1128 2786 Catil.
1149 2733 1241 2786 LVIII
1255 2753 1262 2787 :

205 2824 321 2883 quatem
343 2812 460 2884 vigilius,
481 2813 563 2866 trium
582 2831 714 2885 quamque
759 2839 771 2859 ι
784 2812 893 2884 Semper
908 2812 936 2863 in
950 2813 1042 2882 praelio
1055 2813 1097 2865 his
1110 2831 1263 2867 maxumum

205 2890 356 2954 horarum,
379 2889 582 2958 dividebantur,
600 2911 713 2963 quarum
755 2893 1015 2965 periculumest,qui
1023 2911 1145 2946 maxume
1154 2895 1261 2947 timent:

205 2971 293 3042 prime
323 2969 460 3025 occidente
480 2973 536 3024 sole
559 2973 711 3042 incipiebat.
755 2971 863 3025 audacia
874 2989 924 3044 pro
933 2991 1011 3025 muro
1022 2972 1143 3026 habetur.
1159 2973 1261 3026 ‚Hom

204 3081 247 3094 ·-
269 3051 337 3103 Ante
360 3051 497 3104 consedisse.
521 3052 564 3104 Sic
586 3051 712 3120 flavere,
754 3052 919 3118 11.·,531:

206 3129 315 3183 (lortius
321 3143 348 3184 et
355 3129 407 3183 ulii.
414 3131 505 3184 Nostri
514 3129 591 3184 codd.
600 3143 655 3182 ante
663 3151 711 3184 eos.
754 3127 896 3198 Αἰδομίνων
906 3126 932 3182 d*
946 3128 1039 3202 ἀνδρῶν
1051 3133 1150 3192 ettam
1162 3133 1262 3198 odeum

205 3208 286 3264 Certe
299 3229 389 3263 senene
405 3223 457 3276 est,
472 3231 502 3262 en
513 3223 587 3263 arant
605 3212 646 3264 des
665 3211 713 3262 Ro-
855 3213 987 3280 iriquum·

206 3292 292 3343 marus.
306 3321 347 3333 -·
365 3291 390 3343 T
388 3309 426 3341 um
443 3310 509 3343 uero.
531 3291 571 3343 De
585 3291 613 3342 vi
633 3291 713 3362 hujus
753 3292 892 3361 Qeuqo'vror
909 3284 936 3339 d'
950 3289 1046 3360 edr’dp
1066 3291 1133 3350 κλίος
1151 3291 1264 3362 ὄρνυται,

203 3368 370 3440 loquutionis
381 3367 443 3423 vide
459 3371 537 3424 Catil.
547 3371 623 3434 LXI,
636 3388 663 3422 n.
682 3387 712 3436 1,
854 3369 908 3422 adst
919 3387 956 3428 τις
970 3369 1040 3424 ἀλκή·
1257 3426 1264 3446 3

204 3461 232 3502 et
245 3447 356 3512 LVIII,
372 3468 399 3502 n.
422 3451 467 3504 18.
753 3449 787 3500 In
808 3445 927 3501 eamdem
946 3447 1103 3499 sententiam
1119 3445 1260 3518 Tyrtaeus:

246 3525 312 3581 Car.
332 3527 418 3582 CVII.
433 3529 513 3582 1.At
531 3531 620 3600 injuria
641 3529 713 3582 Mau·
754 3528 786 3580 Οἳ
804 3529 847 3598 μὶν
865 3527 912 3598 γὰρ
935 3532 1043 3597 τολμῶσι
1063 3531 1124 3596 παρ’
1142 3527 1263 3584 ἀλλήλοισι

206 3626 258 3660 rum
275 3607 394 3679 prolu'det.
418 3607 543 3661 Defendit
563 3609 711 3674 Volucem,
853 3607 964 3677 μένοντες

205 3684 320 3759 nequid
333 3687 372 3740 illi
382 3687 445 3740 mali
454 3688 590 3740 inferatur.
793 3688 834 3748 Fs'c
848 3694 872 3740 τ’
888 3679 1051 3754 αὐτοσχιδΐην
1065 3683 1107 3738 καὶ
1120 3687 1262 3758 προμάχους

248 3787 275 3820 2.
295 3767 386 3820 Paucae
397 3773 498 3820 strenuis
510 3768 635 3820 adversm
650 3767 712 3819 mul·
852 3767 927 3830 idrus,

207 3847 340 3901 titndrirem.
360 3847 403 3901 Sic
418 3847 545 3901 Phormio
557 3845 628 3920 apud
639 3847 712 3900 Thu·
754 3848 899 3918 Παυρότιροι
909 3845 1049 3904 θνήσκουσι,
1061 3845 1148 3898 adeum
1161 3840 1190 3898 di
1203 3847 1261 3899 λαὸν

205 3924 266 3998 eyd.
284 3945 324 3994 ιι,
339 3927 376 3997 89
390 3945 397 3980 :
415 3954 426 3976 ι
440 3929 524 3982 Πολλὰ
534 3923 565 3981 di
575 3927 620 3981 ’καὶ
634 3946 710 3998 erpa·
852 3926 956 3979 deiocus·

204 4002 304 4059 veeste
314 4003 364 4064 aas
376 4009 462 4061 tntum
473 4009 517 4060 ὑπ’
530 4009 665 4060 &aredius
678 4011 711 4073 τῇ
793 4006 953 4076 'spicode-sou
970 4001 997 4056 δ’
1012 3999 1107 4076 ἀνδρῶν
1119 4007 1182 4058 πᾶσ’
1198 4007 1262 4059 dard·

206 4085 321 4156 dieqiq,
338 4087 391 4139 nu
406 4081 436 4140 di
454 4089 471 4140 d
487 4088 529 4141 καὶ
547 4093 579 4158 τῇ
593 4086 710 4158 ἀτολμίᾳ.
852 4091 910 4137 tut·
922 4085 1005 4156 qmt.
1087 4159 1092 4170 1

995 4183 1064 4254 21²
