2950 4646
205 420 274 494 172
462 399 500 466 c.
529 397 704 466 carsrr
731 395 1009 464 sanausrn

200 531 304 600 milri:
324 529 368 598 ite
385 527 549 599 obviam
540 529 692 624 injuriae:
685 525 811 598 :nolite
832 530 901 623 pati
924 551 1064 624 regnum
1081 526 1264 615 Numidiae,

200 636 289 731 quod
309 651 455 706 vestrum
478 652 546 726 est,
567 662 628 754 per
648 632 753 706 scelus
770 648 805 703 et
825 637 1016 785 sanguinem
1038 633 1167 704 familiae
1187 660 1262 706 nos·

199 757 258 812 trae
280 729 479 813 tabescere²³
482 774 519 812 ,ι

253 853 329 920 XV.
358 853 536 946 Postquam
551 874 610 920 rex
623 851 725 920 finem
743 849 898 944 loquendi
918 849 1010 919 fecit·
1002 847 1124 968 ,legati
1143 851 1264 944 Iugur?

202 956 267 1026 thre
279 956 481 1052 ‚largitione
503 959 608 1052 magis
629 982 729 1052 quarn
750 981 866 1028 caussa
885 955 959 1026 freti
968 957 1110 1051 ‚paucis
1130 979 1265 1049 respon·

201 1061 306 1132 dent:
330 1065 554 1159 Hiempsalem
577 1063 620 1133 ob
642 1065 800 1134 saevitiam
827 1087 920 1134 suam
940 1063 983 1131 ab
1002 1062 1180 1134 Numidis
1171 1073 1268 1130 mter·

202 1169 326 1238 fectum
341 1197 349 1238 ε
365 1169 586 1242 Adherbalem
609 1169 697 1240 ultro
718 1171 841 1242 bellum
862 1169 1077 1258 inserentem,
1091 1183 1272 1263 postquam*

202 1292 376 1372 superatus
404 1279 469 1368 sit,
495 1279 588 1374 queri
616 1277 706 1372 quod
735 1278 888 1370 injuriam
915 1276 1023 1346 facere
1056 1278 1267 1368 nequivisset.

202 1383 401 1477 Iugurtham
434 1385 477 1452 ab
509 1399 623 1454 senatu
657 1399 788 1478 petere,
818 1407 867 1451 ne
893 1381 993 1450 alium
1024 1395 1198 1476 putarent,
1228 1403 1270 1450 ac

202 1491 391 1561 Numantiae
414 1491 564 1584 cognitus
583 1505 694 1560 esset:
717 1515 783 1558 neu
811 1489 914 1558 verba
935 1489 1056 1556 inimici
1077 1502 1152 1556 aute
1181 1485 1272 1556 facta

204 1619 263 1663 sua
296 1611 467 1691 ponerent.
497 1596 626 1665 Deinde
648 1596 779 1690 utrique
806 1597 898 1664 curia
921 1595 1143 1690 egrediuntur.
1167 1595 1271 1662 Sena·

204 1715 257 1770 tus
271 1704 381 1770 statim
392 1700 582 1772 consulitur.
597 1705 755 1772 Fautores
768 1701 952 1797 legatorum
960 1755 970 1790 ‚
979 1716 1137 1797 praeterea
1150 1723 1273 1795 magna

204 1830 299 1900 pars,
313 1809 419 1902 gratia
434 1808 604 1902 depravati
613 1807 635 1896 ¹,
647 1808 840 1880 Adherbalis
859 1809 947 1880 dicta
966 1823 1199 1895 contemnere,
1212 1809 1271 1874 Ju-

205 1913 333 2007 gurthae
350 1917 508 1984 virtutem
526 1914 682 1984 extollere
699 1915 866 2004 laudibus;
882 1917 1003 2011 gratia,
1015 1939 1115 2004 voce,
1132 1915 1273 2006 denique

206 2021 359 2090 omnibus
386 2021 494 2091 modis
519 2047 581 2116 pro
603 2021 709 2091 alieno
733 2021 855 2092 scelere
876 2038 910 2092 et
932 2023 1078 2116 flagitio,
1097 2045 1157 2091 sua
1179 2021 1274 2114 quasi

206 2149 269 2221 pro
290 2125 414 2222 gloria,
433 2129 632 2198 nitebantur.
655 2131 701 2198 At
718 2144 835 2199 contra
859 2132 976 2225 pauci,
997 2128 1117 2222 quibus
1147 2127 1275 2195 bonum

207 2247 241 2301 et
268 2259 398 2328 aequum
423 2235 542 2304 divitiis
567 2237 696 2324 carius,
720 2235 985 2305 subveniundum
1014 2232 1212 2322 Adherbali,
1241 2247 1276 2303 et

208 2340 405 2436 Hiempsalis
427 2357 569 2412 mortem
589 2368 703 2412 severe
728 2341 959 2413 vindicandam
982 2341 1188 2412 censebant:
1216 2329 1275 2410 s'ed

209 2469 250 2514 ex
279 2449 432 2518 omnibus
459 2473 612 2518 maxume
638 2447 787 2530 AEmilius
808 2451 950 2518 Scaurus
971 2446 994 2537 ²,
1013 2449 1116 2517 homo
1138 2445 1277 2532 nobilis,

212 2677 315 2746 quaerit.
322 2711 362 2720 -
373 2679 416 2731 Sic
427 2698 476 2732 nos
487 2690 573 2732 totum
583 2681 672 2734 locum
683 2681 723 2734 in·
765 2680 947 2752 aientibusque
960 2679 1057 2734 sensim
1068 2679 1170 2734 viribus
1183 2691 1210 2732 et
1219 2693 1279 2731 ran«

212 2757 723 2828 terpretamunSiquisveromalitnevr'·
765 2755 1280 2833 guine,paulatimdefluunt,ettandem

214 2855 277 2897 vere,
292 2837 336 2888 hic
345 2855 399 2890 esse
410 2838 510 2908 poterit
517 2857 624 2892 seusus:
640 2865 651 2886 ι
665 2839 724 2892 Uti·
766 2853 852 2893 morte
865 2841 1012 2897 adluantur.

211 2933 273 2968 nam
282 2915 505 2970 honestusrerum
512 2936 631 2970 mearum
638 2920 723 2972 exitus
803 2921 866 2974 Car.
874 2922 935 2974 XV.
941 2939 965 2974 ι.
974 2919 1199 2990 Gratiudeprarati.
1183 2915 1278 2968 apru-

213 3007 280 3048 esset
289 2996 438 3050 voluntarie
446 3015 527 3063 morr
538 3017 572 3052 ne
581 2999 725 3052 scilicetvr
767 3011 807 3053 ter
827 3000 925 3054 amicos
939 3013 965 3054 et
983 3003 1097 3054 lautores
1114 2999 1277 3068 legatorum,

213 3088 319 3128 ventem
333 3076 362 3128 in
358 3089 531 3171 contemptu
547 3097 590 3132 me
602 3077 725 3132 viderent
766 3080 845 3132 multi
857 3081 936 3134 etiam
947 3093 1078 3134 senatores
1089 3081 1172 3148 gratia
1182 3077 1210 3128 in
1219 3093 1281 3146 pra·

213 3145 372 3220 bomines3'
365 3175 393 3208 ιιι
407 3175 464 3249 quo.
475 3171 546 3211 certe
559 3159 691 3225 viverem,
702 3161 725 3213 ei
767 3179 832 3214 vum
852 3161 974 3214 ahmam
989 3155 999 3222 (
1012 3177 1146 3229 comapru
1158 3175 1207 3228 pur
1221 3156 1282 3207 l'r'u·

214 3231 330 3290 defessus
354 3215 464 3290 malis'
456 3239 561 3308 injuriae
586 3240 724 3294 victoriam
769 3238 871 3310 trr'gue).
887 3241 989 3312 Nempe
1011 3241 1126 3292 lautores
1139 3235 1282 3308 Iugurtha

215 3316 359 3370 cessissem!
369 3316 420 3369 Sed
434 3337 520 3390 neque
532 3319 588 3372 rita
597 3339 640 3372 me
650 3321 725 3391 juvat
770 3337 842 3372 tuam
848 3313 1217 3391 gratamuinterpoeuerantstv
1218 3319 1284 3368 alsat

214 3409 325 3468 propter
339 3409 520 3470 contemptum
538 3400 627 3466 illum;
638 3418 725 3472 neque
768 3404 811 3452 rud
820 3401 849 3451 de
866 3401 917 3452 laur
929 3396 1036 3464 credit),
1050 3411 1082 3451 ut
1095 3398 1161 3450 alios
1175 3394 1209 3448 ad
1221 3413 1283 3458 tuae

215 3477 284 3530 mori
300 3478 363 3532 licet
380 3479 436 3532 sine
453 3477 592 3533 dedecore.
608 3505 619 3528 ι
638 3481 673 3532 Et
688 3481 725 3533 sic
767 3491 856 3552 partes
872 3480 1014 3534 traherent.
1025 3479 1116 3549 Vulgo
1129 3476 1226 3547 legitur
1239 3473 1284 3528 da·

216 3553 325 3628 quidem
337 3571 424 3630 patet,
435 3577 482 3612 cur
496 3563 575 3612 vivere
585 3579 632 3611 aon
643 3560 735 3613 libeat.¹
765 3573 885 3631 pram,
894 3558 967 3631 quod
974 3563 1033 3632 jure
1044 3557 1154 3612 damnat
1164 3552 1283 3610 Curtius.

217 3639 398 3690 Curvemnoa
409 3637 465 3689 licat
472 3643 587 3691 morisim
595 3639 726 3692 dedemr
768 3639 854 3712 Supra
873 3641 940 3692 XIV
958 3659 965 3694 ι
983 3641 1047 3692 Para
1068 3643 1093 3690 r'u
1115 3655 1206 3690 cneum
1223 3639 1284 3689 acri.

259 3719 304 3772 23.
318 3717 343 3769 Τ
341 3717 454 3770 aberrare.
466 3719 517 3770 Per
527 3719 610 3772 scelus
619 3719 725 3786 dissolvi,
770 3721 823 3774 Ins.
837 3721 903 3774 XVI
918 3722 1002 3774 '.Paru
1015 3720 1063 3772 tua
1075 3720 1154 3789 qui...
1165 3716 1286 3784 antefiere-

216 3809 243 3850 et
255 3797 381 3852 exhausto
394 3797 539 3850 Masinissae
549 3799 675 3869 sanguine
691 3805 727 3852 r'o·
770 3799 835 3853 baut.
852 3803 920 3854 Item
930 3799 1038 3854 LVIII:
1050 3798 1147 3868 Magna
1153 3815 1214 3868 pars
1228 3796 1288 3848 ‘uol-

217 3883 294 3930 terioe.
311 3878 468 3949 Metuphora
482 3875 564 3930 ducta
574 3897 590 3930 a
605 3880 726 3950 corpori·
771 3887 850 3933 nami
863 3891 908 3932 aut
921 3884 1000 3934 occisi.

217 3957 267 4012 bus
276 3995 283 4024 ‚
293 3975 351 4028 qum
365 3955 492 4010 dicuutur
506 3957 631 4020 uberem
644 3977 726 4030 quum
812 3980 837 4014 a.
849 3961 967 4016 AEmr'liur
979 3959 1094 4014 Scaurru.
1103 3957 1231 4027 Princeps
1242 3973 1286 4008 ae·

218 4035 344 4092 interiore
361 4049 515 4110 consumpta
530 4039 642 4108 morbo,
661 4035 726 4092 defi·
770 4053 860 4109 natur,
869 4040 1025 4112 pater'illiua
1033 4038 1127 4097 scauri
1139 4037 1215 4107 cujus
1222 4032 1288 4090 edi-
