2942 4662
218 378 291 466 5οά
455 385 458 392 ’
547 376 923 448 buettntnrto

215 515 309 608 cujus
329 512 435 582 aditus
453 511 514 582 sibi
534 535 684 606 quoque,
706 509 928 581 sordidissimo
949 508 1091 596 homini,
1104 513 1273 605 patuisset.

214 623 331 714 Itaque
349 620 485 706 timens,
507 643 549 686 ne
573 617 720 686 facinora
745 616 814 711 ejus
836 615 919 686 clam
943 639 1003 684 vos
1025 632 1151 704 essent,
1169 641 1274 712 quum

215 725 368 798 omnibus
388 739 532 794 matrum
554 721 751 794 familiarum
765 724 851 792 'viris
871 722 1050 818 opprobrio
1068 737 1174 810 esset,
1192 749 1274 794 con·

216 829 320 903 fessus
334 844 403 919 est,
417 830 512 900 vobis
534 829 761 918 audientibus,
779 827 992 916 adulterium
1013 851 1120 924 neque
1141 831 1275 900 erubuit

216 963 275 1008 ora
296 951 414 1006 vestra.
727 978 733 990 =

268 1045 329 1114 Vl.
352 1044 504 1131 vixeris,
525 1044 574 1112 uti
593 1042 691 1133 libet,
708 1041 856 1130 sallusti3
877 1045 1002 1139 egeris,
1016 1067 1089 1138 quae
1109 1039 1273 1127 volueris3

217 1151 294 1220 satis
315 1151 376 1236 sit,
396 1175 500 1223 unum
523 1165 556 1220 te
575 1165 709 1222 tuomm
727 1149 887 1220 scelerum
905 1150 1073 1218 conscium
1093 1143 1179 1218 esse!
1203 1145 1292 1216 noli·

216 1255 311 1324 nobis
331 1255 523 1352 languorem
543 1271 577 1326 et
594 1281 747 1352 soporem
766 1256 903 1326 nimium
923 1255 1132 1351 exprobrare.
1152 1255 1273 1322 Sumus

216 1359 387 1457 diligentes
404 1365 439 1431 in
454 1363 580 1433 tuenda·
594 1362 752 1457 pudicitia
769 1387 911 1432 uxorum
924 1377 1112 1432 nostrarum
1127 1385 1138 1446 3
1154 1359 1211 1429 sed
1228 1361 1271 1427 ita

215 1472 397 1562 experrecti
416 1494 483 1538 non
502 1492 634 1559 sumus,
655 1484 693 1538 ut
714 1483 780 1539 ate
801 1493 917 1540 cavere
935 1470 1117 1563 possimus:
1137 1465 1272 1534 audacia

215 1587 273 1644 tua
284 1574 387 1642 vincit
398 1573 505 1642 studia
515 1587 636 1642 nostra.
646 1575 785 1670 Ecquod
796 1574 886 1643 hunc
898 1599 1032 1644 movere
1044 1573 1207 1668 possit,P.
1218 1573 1271 1656 (3.,

216 1679 341 1748 lactum
363 1703 401 1746 ac
420 1678 543 1748 dictum
557 1693 683 1774 turpe,
701 1705 800 1775 quem
818 1705 886 1750 non
900 1679 1018 1776 puduit
1032 1675 1160 1774 palam,
1179 1675 1273 1745 vobis

216 1783 443 1870 audientibus,
465 1783 662 1855 adulterium
681 1785 855 1857 confiteri?
874 1786 976 1876 Quod
994 1787 1021 1855 si
1038 1783 1121 1853 nihil
1140 1808 1208 1880 pro
1220 1805 1272 1851 me

214 1889 275 1960 tibi
294 1891 492 1985 respondere
518 1891 715 1981 voluissem,
736 1893 793 1964 sed
816 1891 896 1963 illud
918 1893 1105 1963 censorium
1130 1889 1273 1985 elogium

216 1995 276 2090 tp.
299 1995 430 2066 Claudii
448 2014 483 2068 et
499 2001 536 2070 L.
553 1999 698 2089 Pisonis,
717 2001 1003 2094 integerrimorum
1021 1999 1189 2080 virorum,
1208 2015 1273 2088 quo

215 2126 295 2172 usus
313 2119 363 2174 est
383 2106 519 2201 quisque
544 2131 678 2196 eorum,
701 2131 762 2202 pro
784 2105 855 2202 lege
876 2104 985 2201 palam
1006 2103 1167 2173 universis
1188 2101 1273 2170 reci·

217 2221 339 2294 tare1n3
357 2235 467 2282 nonne
486 2213 544 2282 tibi
565 2213 696 2284 viderer
707 2228 845 2284 aeternas
864 2214 995 2284 inurere
1012 2207 1173 2296 maculas,
1193 2228 1274 2300 quas
1389 2289 1394 2302 ,

217 2313 342 2410 reliqua
362 2319 429 2386 vita
451 2333 509 2388 tua
525 2319 635 2390 eluere
654 2345 722 2390 nou
737 2317 861 2415 possit?
879 2319 996 2413 Neque
1012 2329 1089 2412 post
1104 2312 1196 2384 illum
1217 2311 1273 2380 de·

216 2417 337 2490 lectum
365 2439 496 2496 senatus
521 2441 554 2495 te
575 2451 720 2520 unquam
740 2425 908 2512 vidimus3
933 2426 996 2494 nisi
1020 2422 1105 2492 forte
1126 2422 1161 2488 in
1182 2442 1222 2488 ea
1242 2430 1274 2486 te

216 2543 324 2596 eastra
336 2531 520 2622 conjecisti,
530 2558 596 2626 quo
606 2536 713 2602 omnis
723 2534 852 2602 sentina
863 2528 1051 2617 reipublice
1061 2526 1274 2596 confluxerat

217 2633 261 2706 At
278 2632 364 2699 idem
381 2627 575 2716 Sallustius,
591 2627 646 2721 qui
664 2633 698 2695 in
716 2650 797 2720 pace
817 2651 860 2695 ne
875 2647 1007 2698 senator
1027 2629 1159 2722 quidem
1178 2653 1274 2698 man-

216 2750 324 2822 serat,
342 2749 554 2828 posteaquam
570 2731 755 2827 respublica
773 2733 871 2802 armis
887 2758 1044 2829 oppressa
1057 2749 1123 2820 est,
1140 2747 1175 2802 et
1188 2734 1274 2803 idem

217 2841 343 2927 victor,
362 2841 418 2934 qui
439 2836 566 2908 exsules
587 2839 733 2926 reduxit,
755 2840 789 2906 in
812 2854 960 2910 senatum
981 2855 1057 2936 post
1076 2854 1275 2935 quaesturam

217 2945 373 3014 reductus
391 2959 440 3014 est
454 2970 462 3012 :
478 2968 576 3039 quem
594 2945 756 3014 honorem
773 2947 818 3014 ita
830 2947 944 3040 gessit,
958 2963 997 3016 ut
1009 2944 1090 3028 nihil
1104 2948 1139 3014 in
1153 2971 1193 3016 eo
1207 2971 1275 3038 nou

219 3049 334 3120 venale
350 3050 521 3138 babuerit,
537 3050 630 3145 cujus
646 3050 761 3146 aliquis
774 3066 882 3122 emtor
890 3052 996 3122 luerit.
1009 3056 1061 3122 Ita
1075 3053 1175 3147 igitur
1190 3055 1274 3146 egit,

218 3171 256 3224 ut
277 3154 357 3225 nihil
376 3182 444 3226 non
462 3181 593 3253 aequum
616 3183 655 3228 ac
676 3183 792 3228 verum
812 3158 959 3247 duxerit,
975 3157 1064 3254 quod
1086 3160 1147 3254 ipsi
1167 3159 1275 3228 facere

218 3259 433 3352 collibuisset3
452 3289 558 3360 neque
576 3263 670 3335 aliter
687 3267 834 3353 vexavit,
854 3290 893 3334 ac
907 3265 1036 3354 debuit,
1054 3265 1081 3334 ei
1100 3266 1172 3358 quis
1194 3289 1274 3358 prae·

217 3367 268 3438 dac
286 3367 359 3439 loco
374 3373 554 3466 accepisset
566 3374 802 3468 magistratum.
814 3373 950 3442 Peracta
959 3387 1139 3466 quaestura,
1150 3385 1274 3464 postea·

218 3499 318 3568 quam
337 3500 457 3570 magna
475 3480 614 3573 pignora
627 3479 672 3548 cis
689 3478 927 3564 dederat‚eu1n
936 3478 1054 3572 quibus
1065 3473 1273 3546 similitudine

220 3582 294 3650 vitae
309 3607 343 3651 se
354 3583 586 3676 conjunxerat,
599 3609 683 3654 unus
691 3586 760 3678 jam
772 3609 812 3652 ex
822 3583 878 3654 illo
889 3609 988 3679 grege
1001 3582 1183 3653 videbatur.
1194 3581 1272 3675 Ejus

221 3688 306 3756 enim
320 3690 421 3781 partis
431 3687 598 3783 exemplar
609 3706 680 3759 erat
690 3689 875 3781 Sallustius,
884 3715 950 3784 quo
959 3705 1116 3785 tanquam
1128 3689 1163 3756 in
1174 3688 1273 3756 imam

221 3795 412 3886 voraginem
437 3809 540 3864 coetus
561 3797 710 3866 omnium
728 3799 885 3866 vitiorum
904 3809 1103 3882 excesserat;
1116 3789 1274 3888 quidquid
1335 3785 1338 3794 ¹

221 3896 481 3988 impudicorum,
496 3899 668 3989 cillonum,
686 3904 941 3996 parricidarum,
959 3900 1209 4002 sacrilegorum,
1224 3897 1274 3966 de

222 3999 366 4086 bitorunr
381 4005 443 4076 fuit
453 4008 487 4076 in
501 4007 806 4104 urbe,municipiis,
817 4008 970 4100 coloniis,
979 4007 1075 4081 Italia
1087 4020 1175 4094 tota,
1190 4005 1274 4074 sieut
