2950 4648
545 359 884 486 runcheriis.
1171 421 1243 514 4⁰7

182 555 336 642 fortuna,
351 555 461 626 multis
474 557 572 626 rebus
587 560 727 653 creptis,
745 583 842 627 usum
859 556 949 627 dedit
963 559 1046 626 bene
1065 559 1222 628 suadendi
1238 586 1248 647 ;

140 675 144 684 '
180 677 233 748 et,
254 661 344 758 quod
363 663 558 733 florentibus
582 664 726 760 optabile
748 680 819 751 est,
841 691 904 760 ego
928 689 996 733 non
1019 663 1248 735 validissumus

181 769 315 864 praebeo
336 769 545 867 exemplum,
567 795 635 865 quo
660 774 782 841 rectius
803 787 859 840 tua
881 796 1073 866 componas.
1094 774 1248 866 Namque

181 862 372 962 Romanis⁶‚
386 903 463 948 cum
479 877 684 966 nationibus,
697 877 845 973 populis,
861 878 994 973 regibus
1012 881 1160 963 cunctis,
1181 904 1248 948 una

180 998 217 1052 et
234 1007 273 1052 ea
289 998 385 1054 vetus
402 1009 518 1055 caussa
540 983 682 1054 bellandi
699 1000 769 1072 est,
791 985 912 1080 cupido
934 985 1101 1079 profunda
1120 987 1249 1080 imperii

180 1105 216 1158 et
241 1090 439 1160 divitiarum.
469 1094 545 1180 Qua
571 1093 715 1186 primum
733 1117 810 1160 cum
830 1117 907 1186 rege
924 1092 1148 1161 Macedonum
1171 1093 1247 1161 Phi-

180 1194 273 1292 lippo
287 1195 410 1266 bellum
428 1223 573 1268 sumsere
593 1223 600 1265 ε
623 1198 702 1267 dum
725 1223 744 1266 a
766 1198 1091 1294 Carthaginiensibus
1113 1223 1246 1293 preme-

181 1303 320 1388 bantur,
335 1305 511 1374 amicitiam
524 1303 729 1393 simulantes,
743 1307 772 1374 ei
785 1305 1033 1374 subvenientem
1044 1305 1246 1374 Antiochum

181 1411 392 1480 concessione
421 1413 506 1482 Asiae
535 1437 595 1506 per
618 1411 730 1482 dolum
754 1427 903 1482 avertere
920 1437 927 1480 :
947 1436 986 1482 ac
1011 1437 1111 1500 mox,
1140 1425 1247 1482 tracto

181 1515 358 1612 Philippo,
386 1519 569 1588 Antiochus
596 1521 687 1588 omni
714 1521 761 1588 cis
787 1522 934 1588 Taurum
963 1543 1044 1614 agro
1069 1533 1103 1587 et
1130 1518 1245 1587 decem

181 1621 325 1692 millibus
341 1623 541 1694 talentorum
554 1624 711 1721 spoliatus
725 1639 782 1695 est.
799 1629 921 1696 Persen
940 1625 1089 1712 deinde⁷‚
1102 1624 1245 1720 Philippi

181 1841 230 1893 uit.
252 1839 320 1894 Inde
342 1841 381 1894 illi
401 1843 510 1896 huosa
524 1842 606 1898 iratam
623 1857 688 1898 erat.
734 1844 767 1898 tis
780 1845 839 1898 tuit.
856 1875 897 1888 -
916 1845 1072 1898 Concessum
1085 1844 1163 1898 Astoe.
1177 1845 1246 1897 Nua-

182 1921 689 1994 DeBr.r,a.—Obaoeian.Sc.qnod
733 1942 812 1995 quam
826 1937 934 1995 apparet
943 1927 1089 1989 Romanoa,
1102 1937 1166 1978 tuuc
1178 1937 1244 1976 tem·
1329 1977 1333 1984 ,

181 2002 309 2054 auxilium
319 2003 353 2056 ab
363 2021 412 2068 eo,
426 2003 471 2056 oui
485 2003 609 2074 injuriam
617 2005 688 2056 iutu·
732 2005 820 2075 poris,
830 2005 913 2058 ullam
921 2005 989 2058 Asia
1000 2017 1103 2076 partem
1111 2005 1243 2058 Antiocho

180 2081 438 2154 lit,petereoogitur.
451 2083 609 2136 servitutem
617 2083 689 2136 enim
732 2101 782 2154 per
802 2083 887 2138 soedus
906 2085 1022 2138 cessisse.
1049 2082 1102 2138 sed
1120 2095 1192 2156 patet
1211 2103 1243 2138 ex
1317 2109 1319 2116 v

182 2159 325 2233 quamdam
339 2160 443 2228 induit,
458 2163 504 2233 qui
521 2163 588 2235 petit
608 2166 689 2216 bene·
732 2164 835 2231 Livio,
857 2183 962 2229 xxxin,
993 2165 1055 2232 39,
1079 2165 1240 2216 Antiochum

180 2239 272 2294 ficium
283 2259 290 2296 :
303 2240 388 2313 quid?
404 2243 427 2295 ai
440 2243 473 2295 ab
485 2242 569 2296 hoste.
584 2275 613 2286 --
628 2245 690 2298 for·
733 2244 830 2296 multas
842 2245 960 2298 civitates
976 2263 992 2296 a
1004 2244 1129 2315 Philippo
1141 2263 1242 2315 posses-

180 2333 267 2375 uma..
276 2341 343 2374 usum
356 2322 424 2374 dedit
432 2321 490 2373 beas
498 2323 621 2376 suadendi.
635 2321 689 2376 Ad·
731 2341 789 2389 aas,
804 2343 853 2397 per
868 2325 1053 2390 occasionem,
1076 2341 1167 2377 averso
1179 2324 1243 2377 Phi-

180 2417 255 2456 rersa
264 2402 369 2456 fortuna
382 2421 438 2467 mc,
450 2400 484 2456 ad
495 2404 562 2456 hene
575 2401 689 2458 sudeu-
730 2404 806 2476 lippo
822 2405 849 2458 iu
865 2423 1007 2458 muranum
1022 2405 1138 2466 bellum,
1158 2403 1241 2458 inter·

180 2479 246 2534 dum
256 2521 265 2547 ,
274 2483 435 2554 experientia
447 2481 561 2536 edocuit.
575 2515 615 2528 -
631 2485 690 2554 Ego
732 2485 831 2556 cepisse
842 2508 848 2550 3
865 2485 946 2558 idque
955 2503 1079 2538 romanos
1089 2485 1117 2536 in
1129 2502 1242 2557 prasen-

180 2579 229 2614 noa
239 2561 419 2616 cautissimus.
435 2563 503 2616 Men
515 2561 631 2618 mersa
647 2582 689 2618 res
733 2566 769 2618 tia
779 2563 967 2630 dissimulasse,
984 2579 1110 2638 tanquam
1121 2564 1188 2618 nihil
1206 2563 1240 2617 ad
1262 2581 1267 2591 “

180 2643 301 2712 prebent
318 2642 492 2714 exemplum,
518 2663 572 2716 qno
595 2645 689 2698 melius
731 2663 760 2698 ae
787 2647 931 2717 pertinens.
962 2645 1021 2698 lloc
1048 2659 1126 2698 vocat
1152 2657 1240 2697 noster

180 2723 547 2789 tuisconsulus.1)ixir‚r0a
560 2725 690 2777 validissa-
731 2725 803 2778 Ass'ee
829 2729 1006 2779 contaminarem.
1036 2725 1140 2796 Nempe
1175 2723 1241 2777 dum

178 2821 247 2862 raus,
270 2803 366 2856 leniori
388 2803 484 2866 verbo,
515 2821 549 2857 ue
572 2803 688 2870 eliceret,
731 2806 879 2858 Antiochus
894 2807 923 2858 in
939 2803 1073 2878 capiendis
1088 2806 1154 2858 Asia
1167 2805 1241 2856 urbi·

177 2887 268 2934 cunctas
280 2883 362 2953 opibus
374 2882 499 2952 spolium.
731 2885 781 2938 bus
791 2885 992 2950 immoraretur,
1001 2885 1129 2939 auxilium
1141 2885 1241 2957 Philip·

219 2966 247 3016 6.
269 2962 380 3036 quue
395 2981 447 3016 ema
457 2964 580 3016 Romanis.
590 2965 624 3017 V.
633 2983 688 3018 eas·
730 2983 767 3035 po
779 2985 832 3018 non
845 2967 954 3020 ferebat.
968 2997 1009 3009 -
1020 2967 1108 3018 Tracta
1117 2966 1238 3036 Philippo.

178 3039 241 3096 dem
255 3042 311 3096 lere
323 3044 479 3110 sententiaa,
493 3043 686 3114 Juptxxxl.
731 3044 772 3098 Sc.
785 3045 814 3098 in
823 3047 994 3110 servitutem,
1010 3046 1141 3099 societatis
1153 3045 1239 3098 nomi·

177 3123 247 3174 Item
259 3123 357 3176 lustin
374 3141 495 3188 aurita,
516 3130 551 3187 4,
566 3141 582 3176 e
598 3125 688 3195 Trogo
730 3143 774 3178 ue.
788 3126 856 3178 Nam
865 3145 916 3197 pro
923 3127 1048 3180 Romanis
1056 3125 1180 3178 adversus
1188 3127 1241 3178 An·

177 3282 298 3347 tionem,
320 3299 402 3354 quam
423 3283 533 3336 omnino
557 3301 619 3337 cum
639 3284 688 3338 hac
731 3283 789 3336 Liv.
811 3289 1008 3352 xx1v1‚t.-
1031 3286 1151 3338 omisa
1171 3286 1237 3336 Tau-

178 3362 290 3432 epiatola
310 3363 431 3416 conferre
457 3380 543 3434 operte
572 3363 687 3433 pretium
731 3381 783 3416 rum
799 3384 867 3434 agiu.
889 3363 960 3417 Vide
981 3365 1038 3416 Liv.
1064 3383 1167 3427 xxavn,
1184 3363 1238 3426 45,

178 3441 319 3494 suerit-
327 3443 387 3496 Cum
399 3442 618 3512 ngedlacednnum
628 3443 687 3494 Plri-
731 3442 777 3514 qui
784 3455 871 3496 umen
878 3444 970 3509 habet,
980 3463 1013 3497 xv
1020 3444 1103 3496 millia
1111 3445 1238 3496 talentum

178 3521 253 3592 [ἕρμα.
264 3521 324 3576 Hoc
329 3523 428 3576 bellum
439 3521 638 3576 macedonicum
643 3521 688 3576 de·
730 3523 919 3577 Euboicorum.
931 3525 1078 3576 Euboicum
1085 3541 1149 3576 vero
1158 3523 1239 3576 talen·

178 3601 409 3668 monastiriae,
420 3616 516 3658 unet
527 3621 591 3674 seqq
606 3621 614 3667 ;
628 3604 687 3656 Jus-
731 3615 788 3656 tum
807 3621 883 3674 7²⁰⁰
906 3603 1044 3657 drachmas
1065 3603 1172 3667 atticae,
1195 3604 1237 3657 vel

179 3681 227 3738 tin.
240 3699 317 3747 xxm
332 3682 686 3753 Flor.11,7.-Amicitiura
729 3683 853 3737 dmarios
872 3703 1018 3750 romanos,
1039 3684 1166 3754 aquabat.
1193 3684 1238 3736 Ci-

178 3762 324 3816 simulantes.
334 3759 468 3816 Videlicet
478 3783 540 3817 cnm
550 3764 684 3835 Philippo.
729 3783 792 3818 cero
812 3783 919 3836 quoque
940 3765 1029 3817 Asiam
1049 3764 1182 3816 Antiocho
1201 3764 1238 3816 cis

179 3841 216 3894 Ut
232 3843 375 3896 amicitiam
389 3861 451 3896 mam
466 3844 592 3916 Philippo
605 3845 686 3896 simu·
730 3845 848 3898 Taurum
865 3843 1014 3917 ademptam
1034 3855 1176 3909 memorat,
1187 3863 1237 3914 pro

177 3920 314 3986 laverant,
335 3921 401 3974 dum
421 3921 543 3994 flagraret
558 3925 685 3995 punicum
730 3926 802 3979 Sext.
813 3938 935 3992 uv11,et
947 3943 997 3996 pro
1004 3926 1075 3996 Rege
1082 3926 1236 3994 Deiotarus.

176 4000 293 4067 bellum
315 4002 352 4056 ita
375 4021 436 4055 cum
453 4004 586 4058 Antiocho
603 4005 685 4058 aimu-
770 4025 796 4076 7.
818 4006 908 4057 Peraea
918 4005 1010 4058 demde.
1029 4007 1069 4057 De
1080 4003 1160 4075 hujus
1175 4004 1236 4058 belli

176 4079 311 4151 hamunt,
325 4080 454 4154 quandiu
469 4083 608 4156 Philippus
622 4085 685 4138 hos·
728 4085 796 4153 line,
810 4083 872 4138 vide
885 4087 966 4142 Catil.
978 4085 1029 4150 LI,
1042 4104 1068 4140 n.
1084 4087 1101 4138 8
1116 4095 1143 4140 ct
1156 4105 1183 4156 9.
1197 4115 1238 4130 --

964 4181 1033 4264 26⁴
