2916 4630
534 405 795 475 CATILINA.
1127 427 1192 472 111

140 548 246 604 tamen
260 537 404 607 adversis
418 529 605 607 volneribus
620 538 839 608 conciderant.
854 534 994 606 Catilina
1008 559 1087 604 vero
1102 533 1199 631 longe

138 643 232 711 asnis
243 645 329 714 inter
339 645 483 714 hostium
496 631 655 715 cadavera
667 659 816 739 repertus
826 659 892 732 est,
904 640 1085 738 paullulum
1100 645 1198 711 etiam

139 749 284 841 spirans,
309 753 530 846 ferociamque
547 753 650 840 ,animi
663 737 690 839 ⁵,
712 774 811 844 quarn
839 751 1001 818 habuerat
1029 751 1144 836 vivus,
1165 752 1199 817 in

140 853 228 923 voltu
249 859 402 928 retinens.
418 861 588 928 Postremo
610 883 651 926 ex
669 859 758 926 omni
780 859 876 952 copia
893 881 999 951 neque
1017 858 1051 923 in
1070 854 1199 950 praelio,

140 985 242 1056 neque
255 965 289 1030 in
301 965 396 1059 fuga,
407 967 579 1060 quisquam
593 965 672 1034 civis
689 949 868 1058 ingenuus⁶
883 977 998 1056 captus
1011 988 1018 1029 :
1033 964 1077 1030 ita
1089 964 1200 1031 cuncti

139 1091 201 1136 suae
233 1070 442 1166 hostiumque
473 1073 548 1140 vitae
570 1073 664 1166 juxta
688 1085 913 1166 pepercerant.
941 1071 1058 1162 Neque
1089 1082 1200 1136 tamen

139 1178 295 1248 exercitus
315 1177 428 1273 populi
447 1179 575 1247 romani
593 1175 700 1246 laetam
725 1191 783 1245 aut
802 1178 1006 1245 incruentam
1028 1176 1199 1244 victoriam

139 1279 374 1375 adeptus3nam
381 1287 622 1354 strenuissimus
633 1285 770 1378 quisque
782 1297 839 1350 aut
849 1281 1014 1351 occiderat
1024 1283 1057 1348 in
1072 1280 1199 1374 praelio,

138 1400 195 1454 aut
216 1393 358 1481 graviter
379 1390 568 1460 vulneratus
591 1390 790 1460 discesserat.
811 1387 909 1456 Multi
933 1402 1060 1474 autem,
1079 1390 1134 1481 qui
1158 1387 1199 1455 de

139 1495 249 1564 castris
261 1497 407 1585 visundi,
418 1513 476 1566 aut
485 1497 644 1594 spoliandi
656 1498 761 1591 gratia
775 1509 1020 1592 processerant,
1029 1492 1199 1564 volventes

138 1597 264 1670 hostilia
280 1603 441 1673 cadavera
453 1603 476 1692 ⁷,
491 1606 633 1674 amicmn
653 1601 722 1690 alii,
738 1627 814 1698 pars
830 1602 994 1697 hospitem
1008 1615 1067 1669 aut
1078 1623 1199 1695 cogna-

139 1718 205 1774 tum
219 1711 443 1803 reperiebant3
458 1709 549 1780 fuere
568 1713 663 1798 item,
682 1711 738 1803 qui
760 1710 909 1779 inimicos
926 1733 1002 1778 suos
1022 1732 1200 1802 cognosce-

138 1827 215 1881 rent
228 1817 282 1882 Ita
290 1818 381 1886 varie
394 1841 597 1912 peromnem
611 1817 791 1886 exercitum
803 1814 929 1904 laetitia,
940 1840 1082 1900 moeror,
1094 1813 1201 1883 luctus

139 1933 232 2014 atque
248 1923 369 2016 gaudia
380 1909 621 2020 ⁸1agitabantur.

138 2112 213 2181 paulo
227 2126 289 2166 ante
305 2113 520 2170 dictumest-
531 2117 647 2170 Adversis
690 2111 894 2179 documentum,
904 2125 934 2165 ut
945 2113 1067 2165 mortales
1080 2112 1147 2164 bella
1163 2112 1200 2164 ci-

137 2192 277 2248 oolnmlus.
284 2195 317 2246 In
327 2208 449 2268 pectore,
457 2195 530 2268 quod
540 2198 575 2248 ad
584 2198 646 2250 hos·
690 2193 753 2246 vilis
764 2192 902 2246 horreant!
913 2205 939 2245 et
946 2211 1026 2264 quam
1040 2203 1100 2264 opta
1113 2192 1203 2262 hujus·

138 2281 187 2324 tem
201 2278 319 2338 vertitur,
336 2276 457 2348 exceptis.
690 2272 764 2326 modi
772 2273 889 2326 historin
898 2271 1046 2325 conclusio!

175 2353 201 2405 5.
213 2353 385 2428 Ferociamquc
400 2343 537 2409 mintha
551 2355 646 2421 Silius,
736 2354 762 2407 8.
784 2354 900 2414 Laetitia,
917 2371 1011 2413 moeror,
1030 2352 1106 2403 bretos
1131 2363 1202 2424 atque
1233 2393 1237 2406 .

137 2449 168 2496 r,
183 2433 259 2503 673:
689 2433 790 2504 gaudio
820 2431 942 2487 Gaudium
972 2431 1052 2484 animi
1078 2443 1203 2483 votorum

136 2512 578 2565 rmoninamnr,ermtinvutrtbu
587 2521 626 2560 in.
690 2514 820 2585 compotis
840 2513 951 2565 interior
973 2525 1000 2564 et
1020 2509 1139 2583 placidus
1164 2512 1201 2563 nl'·

136 2590 299 2660 Memmii,
314 2595 371 2666 733
387 2615 394 2650 :
689 2595 773 2648 lectus
786 2607 831 2647 est.
842 2594 953 2655 loeritr'a,
962 2590 1087 2663 gaudium
1096 2591 1204 2644 effusius

265 2681 304 2720 cni
315 2682 369 2722 tm·
381 2696 418 2722 nee
428 2691 491 2722 mone
501 2685 581 2722 remim
689 2693 717 2727 se
739 2677 808 2727 foras
830 2674 950 2726 efferens,
973 2673 1066 2726 Moror
1082 2685 1108 2724 et
1126 2674 1203 2724 luctus

161 2745 404 2791 ¹³m¹ffl¹²f¹lstffl
689 2773 757 2826 saepe
785 2756 998 2825 conjunguntur,
1019 2765 1130 2824 utraque
1151 2771 1203 2805 vox

175 2831 203 2882 6.
219 2829 348 2899 lugemus.
364 2833 487 2898 Liberat
504 2853 535 2887 ex
551 2851 646 2905 paren·
689 2853 739 2904 pro
755 2833 848 2887 dolore
864 2833 944 2886 animi
958 2835 1072 2886 exterius
1086 2831 1200 2904 prodito.

138 2907 396 2962 tibusliberisnntus.
410 2911 646 2982 Opponiturservo
690 2914 874 2968 Differentiam
897 2927 982 2966 tumen
1004 2925 1078 2966 notat
1095 2913 1201 2976 Cicero,

137 2999 181 3038 aut
195 2988 321 3042 libertino
332 2989 445 3043 homini.
690 2991 768 3046 Tusc.
785 3011 828 3058 rr,
843 2993 858 3043 8
869 3009 875 3044 :
896 3017 906 3037 ι
918 2993 1008 3043 Luctus
1021 3003 1060 3043 est
1073 2989 1201 3060 agritudo

176 3085 204 3136 7.
213 3069 340 3125 Voluntas
350 3070 445 3122 hostilia
456 3071 578 3133 caslavera,
590 3075 648 3122 ami·
690 3089 722 3124 ex
737 3074 809 3142 ejus,
824 3071 870 3143 qui
886 3089 961 3123 carus
976 3070 1070 3134 luerit,
1093 3070 1201 3122 interitu

136 3167 189 3198 em
204 3149 257 3210 olel,
270 3160 315 3202 etc.
333 3147 360 3202 si
376 3169 408 3202 ex
423 3150 498 3202 omni
512 3169 607 3222 opere,
621 3163 648 3203 et
690 3153 799 3216 acerb03
817 3171 915 3212 moeror,
933 3148 1062 3221 egritudo
1077 3147 1198 3202 flebilis.»

135 3229 280 3298 praesim
288 3247 321 3282 ex
332 3229 443 3282 historia
459 3228 647 3283 documentum
690 3231 741 3283 Hic
768 3250 830 3302 ergo
854 3249 951 3282 moeror
975 3231 1088 3296 letitie,
1104 3227 1200 3298 gaudio

135 3307 240 3380 aliquod
251 3311 375 3365 exsistere
389 3321 508 3383 oportet3
519 3322 647 3382 quantum
690 3311 777 3364 luctus
793 3309 947 3381 opponitur.
