<?xml version="1.0" encoding="UTF-8"?>
<!DOCTYPE html PUBLIC "-//W3C//DTD XHTML 1.0 Transitional//EN"
    "http://www.w3.org/TR/xhtml1/DTD/xhtml1-transitional.dtd">
<html xmlns="http://www.w3.org/1999/xhtml" xml:lang="en" lang="en">
 <head>
  <title>
</title>
<meta http-equiv="Content-Type" content="text/html;charset=utf-8" />
  <meta name='ocr-system' content='tesseract 3.04.00' />
  <meta name='ocr-capabilities' content='ocr_page ocr_carea ocr_par ocr_line ocrx_word'/>
</head>
<body>
  <div class='ocr_page' id='page_1' title='image "./caiuscrispussal01sallgoog_0019.png"; bbox 0 0 2922 4642; ppageno 0'>
   <div class='ocr_carea' id='block_1_1' title="bbox 372 375 1187 448">
    <p class='ocr_par' dir='ltr' id='par_1_1' title="bbox 372 375 1187 448">
     <span class='ocr_line' id='line_1_1' title="bbox 372 375 1187 448; baseline 0.001 -1"><span class='ocrx_word' id='word_1_1' title='bbox 372 377 413 447; x_wconf 86' lang='lat' dir='ltr'>C.</span> <span class='ocrx_word' id='word_1_2' title='bbox 443 375 620 446; x_wconf 87' lang='lat' dir='ltr'>CRISPI</span> <span class='ocrx_word' id='word_1_3' title='bbox 648 375 938 445; x_wconf 79' lang='lat' dir='ltr'>SALLUSTII.</span> <span class='ocrx_word' id='word_1_4' title='bbox 1141 404 1187 448; x_wconf 81' lang='lat' dir='ltr'>xv</span> 
     </span>
    </p>
   </div>
   <div class='ocr_carea' id='block_1_2' title="bbox 116 507 1192 1138">
    <p class='ocr_par' dir='ltr' id='par_1_2' title="bbox 116 507 1192 1138">
     <span class='ocr_line' id='line_1_2' title="bbox 116 507 1189 605; baseline -0.001 -22"><span class='ocrx_word' id='word_1_5' title='bbox 116 525 363 605; x_wconf 86' lang='lat' dir='ltr'>cruentumque</span> <span class='ocrx_word' id='word_1_6' title='bbox 391 507 501 580; x_wconf 87' lang='lat' dir='ltr'>Clodii</span> <span class='ocrx_word' id='word_1_7' title='bbox 522 507 665 579; x_wconf 81' lang='lat' dir='ltr'>cadaver</span> <span class='ocrx_word' id='word_1_8' title='bbox 692 507 955 602; x_wconf 86' lang='lat' dir='ltr'>aspectabatur,¹</span> <span class='ocrx_word' id='word_1_9' title='bbox 970 509 1003 577; x_wconf 91' lang='lat' dir='ltr'>in</span> <span class='ocrx_word' id='word_1_10' title='bbox 1030 507 1189 582; x_wconf 88' lang='lat' dir='ltr'>Milonem</span> 
     </span>
     <span class='ocr_line' id='line_1_3' title="bbox 117 615 1190 710; baseline -0.001 -21"><span class='ocrx_word' id='word_1_11' title='bbox 117 620 222 690; x_wconf 83' lang='lat' dir='ltr'>atroci</span> <span class='ocrx_word' id='word_1_12' title='bbox 236 619 391 688; x_wconf 86' lang='lat' dir='ltr'>oratione</span> <span class='ocrx_word' id='word_1_13' title='bbox 406 617 557 685; x_wconf 86' lang='lat' dir='ltr'>invectus</span> <span class='ocrx_word' id='word_1_14' title='bbox 573 629 633 684; x_wconf 87' lang='lat' dir='ltr'>est.</span> <span class='ocrx_word' id='word_1_15' title='bbox 652 615 798 710; x_wconf 86' lang='lat' dir='ltr'>Sequuta</span> <span class='ocrx_word' id='word_1_16' title='bbox 819 617 1002 685; x_wconf 87' lang='lat' dir='ltr'>orationem</span> <span class='ocrx_word' id='word_1_17' title='bbox 1020 616 1110 688; x_wconf 88' lang='lat' dir='ltr'>haud</span> <span class='ocrx_word' id='word_1_18' title='bbox 1129 621 1190 688; x_wconf 88' lang='lat' dir='ltr'>im-</span> 
     </span>
     <span class='ocr_line' id='line_1_4' title="bbox 120 719 1191 822; baseline 0.004 -28"><span class='ocrx_word' id='word_1_19' title='bbox 120 750 179 822; x_wconf 90' lang='lat' dir='ltr'>par</span> <span class='ocrx_word' id='word_1_20' title='bbox 198 725 321 794; x_wconf 81' lang='lat' dir='ltr'>rabies.</span> <span class='ocrx_word' id='word_1_21' title='bbox 335 721 479 794; x_wconf 85' lang='lat' dir='ltr'>Tollitur</span> <span class='ocrx_word' id='word_1_22' title='bbox 494 747 516 791; x_wconf 87' lang='lat' dir='ltr'>a</span> <span class='ocrx_word' id='word_1_23' title='bbox 533 720 630 817; x_wconf 81' lang='lat' dir='ltr'>plebe</span> <span class='ocrx_word' id='word_1_24' title='bbox 646 719 754 790; x_wconf 86' lang='lat' dir='ltr'>Clodii</span> <span class='ocrx_word' id='word_1_25' title='bbox 776 747 913 816; x_wconf 91' lang='lat' dir='ltr'>corpus,</span> <span class='ocrx_word' id='word_1_26' title='bbox 928 723 1191 821; x_wconf 84' lang='lat' dir='ltr'>translatumque</span> 
     </span>
     <span class='ocr_line' id='line_1_5' title="bbox 121 828 1192 921; baseline 0 -19"><span class='ocrx_word' id='word_1_27' title='bbox 121 836 153 902; x_wconf 89' lang='lat' dir='ltr'>in</span> <span class='ocrx_word' id='word_1_28' title='bbox 170 833 304 902; x_wconf 85' lang='lat' dir='ltr'>curiam</span> <span class='ocrx_word' id='word_1_29' title='bbox 319 828 620 918; x_wconf 86' lang='lat' dir='ltr'>Hostiliam,busto</span> <span class='ocrx_word' id='word_1_30' title='bbox 638 852 679 897; x_wconf 85' lang='lat' dir='ltr'>ex</span> <span class='ocrx_word' id='word_1_31' title='bbox 693 843 883 898; x_wconf 86' lang='lat' dir='ltr'>senatorum</span> <span class='ocrx_word' id='word_1_32' title='bbox 902 829 1063 900; x_wconf 77' lang='lat' dir='ltr'><strong>subselliis</strong></span> <span class='ocrx_word' id='word_1_33' title='bbox 1082 831 1192 921; x_wconf 82' lang='lat' dir='ltr'>laeto,</span> 
     </span>
     <span class='ocr_line' id='line_1_6' title="bbox 123 935 1192 1026; baseline 0 -18"><span class='ocrx_word' id='word_1_34' title='bbox 123 949 496 1026; x_wconf 79' lang='lat' dir='ltr'>crematur;corruente</span> <span class='ocrx_word' id='word_1_35' title='bbox 508 937 596 1004; x_wconf 90' lang='lat' dir='ltr'>inter</span> <span class='ocrx_word' id='word_1_36' title='bbox 609 935 759 1004; x_wconf 82' lang='lat' dir='ltr'>flammas</span> <span class='ocrx_word' id='word_1_37' title='bbox 772 949 865 1004; x_wconf 87' lang='lat' dir='ltr'>tanta</span> <span class='ocrx_word' id='word_1_38' title='bbox 879 935 965 1024; x_wconf 73' lang='lat' dir='ltr'>aede,</span> <span class='ocrx_word' id='word_1_39' title='bbox 976 952 1010 1006; x_wconf 85' lang='lat' dir='ltr'>et</span> <span class='ocrx_word' id='word_1_40' title='bbox 1024 937 1192 1010; x_wconf 77' lang='lat' dir='ltr'>bisilicam</span> 
     </span>
     <span class='ocr_line' id='line_1_7' title="bbox 124 1036 1191 1138; baseline 0.002 -24"><span class='ocrx_word' id='word_1_41' title='bbox 124 1047 295 1131; x_wconf 80' lang='lat' dir='ltr'>Porciam,</span> <span class='ocrx_word' id='word_1_42' title='bbox 306 1067 381 1138; x_wconf 72' lang='lat' dir='ltr'>quae</span> <span class='ocrx_word' id='word_1_43' title='bbox 394 1043 532 1138; x_wconf 84' lang='lat' dir='ltr'>propior</span> <span class='ocrx_word' id='word_1_44' title='bbox 549 1041 702 1112; x_wconf 88' lang='lat' dir='ltr'>incendio</span> <span class='ocrx_word' id='word_1_45' title='bbox 717 1056 805 1130; x_wconf 88' lang='lat' dir='ltr'>crat,</span> <span class='ocrx_word' id='word_1_46' title='bbox 818 1036 1001 1113; x_wconf 87' lang='lat' dir='ltr'>continenti</span> <span class='ocrx_word' id='word_1_47' title='bbox 1016 1047 1111 1114; x_wconf 85' lang='lat' dir='ltr'>ruina</span> <span class='ocrx_word' id='word_1_48' title='bbox 1125 1061 1191 1116; x_wconf 87' lang='lat' dir='ltr'>tra-</span> 
     </span>
    </p>
   </div>
   <div class='ocr_carea' id='block_1_3' title="bbox 24 1146 1203 3932">
    <p class='ocr_par' dir='ltr' id='par_1_3' title="bbox 35 1146 1197 1758">
     <span class='ocr_line' id='line_1_8' title="bbox 126 1146 1194 1247; baseline 0.002 -27"><span class='ocrx_word' id='word_1_49' title='bbox 126 1151 233 1222; x_wconf 89' lang='lat' dir='ltr'>hente.</span> <span class='ocrx_word' id='word_1_50' title='bbox 257 1153 364 1220; x_wconf 86' lang='lat' dir='ltr'><strong>Fuere</strong></span> <span class='ocrx_word' id='word_1_51' title='bbox 392 1164 472 1220; x_wconf 93' lang='lat' dir='ltr'>tunc</span> <span class='ocrx_word' id='word_1_52' title='bbox 492 1171 560 1219; x_wconf 88' lang='lat' dir='ltr'>una</span> <span class='ocrx_word' id='word_1_53' title='bbox 585 1171 663 1218; x_wconf 89' lang='lat' dir='ltr'>cum</span> <span class='ocrx_word' id='word_1_54' title='bbox 690 1146 845 1218; x_wconf 82' lang='lat' dir='ltr'>Sallustio</span> <span class='ocrx_word' id='word_1_55' title='bbox 869 1150 994 1218; x_wconf 84' lang='lat' dir='ltr'>tribuni</span> <span class='ocrx_word' id='word_1_56' title='bbox 1016 1153 1194 1247; x_wconf 86' lang='lat' dir='ltr'>Pompeius</span> 
     </span>
     <span class='ocr_line' id='line_1_9' title="bbox 35 1253 1195 1350; baseline 0.002 -24"><span class='ocrx_word' id='word_1_57' title='bbox 35 1273 39 1288; x_wconf 85' lang='lat'><em>&#39;</em></span> <span class='ocrx_word' id='word_1_58' title='bbox 128 1257 252 1345; x_wconf 84' lang='lat' dir='ltr'>Rufus,</span> <span class='ocrx_word' id='word_1_59' title='bbox 266 1271 301 1326; x_wconf 85' lang='lat' dir='ltr'>et</span> <span class='ocrx_word' id='word_1_60' title='bbox 315 1258 488 1328; x_wconf 77' lang='lat' dir='ltr'>Munatius</span> <span class='ocrx_word' id='word_1_61' title='bbox 501 1254 661 1342; x_wconf 81' lang='lat' dir='ltr'>Plancus,</span> <span class='ocrx_word' id='word_1_62' title='bbox 675 1253 767 1350; x_wconf 82' lang='lat' dir='ltr'>digni</span> <span class='ocrx_word' id='word_1_63' title='bbox 779 1257 838 1350; x_wconf 87' lang='lat' dir='ltr'>qui</span> <span class='ocrx_word' id='word_1_64' title='bbox 853 1253 929 1324; x_wconf 89' lang='lat' dir='ltr'>talia</span> <span class='ocrx_word' id='word_1_65' title='bbox 941 1256 1107 1349; x_wconf 83' lang='lat' dir='ltr'>juvarent.</span> <span class='ocrx_word' id='word_1_66' title='bbox 1127 1263 1195 1327; x_wconf 80' lang='lat' dir='ltr'>llu-</span> 
     </span>
     <span class='ocr_line' id='line_1_10' title="bbox 125 1361 1194 1482; baseline 0 -48"><span class='ocrx_word' id='word_1_67' title='bbox 125 1365 177 1457; x_wconf 85' lang='lat' dir='ltr'>jus</span> <span class='ocrx_word' id='word_1_68' title='bbox 191 1365 337 1434; x_wconf 87' lang='lat' dir='ltr'>Munatii</span> <span class='ocrx_word' id='word_1_69' title='bbox 350 1365 488 1447; x_wconf 87' lang='lat' dir='ltr'>Cicero,</span> <span class='ocrx_word' id='word_1_70' title='bbox 495 1361 658 1432; x_wconf 86' lang='lat' dir='ltr'>Milonem</span> <span class='ocrx_word' id='word_1_71' title='bbox 668 1361 795 1482; x_wconf 78' lang='lat' dir='ltr'>judicio</span> <span class='ocrx_word' id='word_1_72' title='bbox 812 1361 992 1432; x_wconf 82' lang='lat' dir='ltr'>defendens</span> <span class='ocrx_word' id='word_1_73' title='bbox 1001 1365 1194 1450; x_wconf 89' lang='lat' dir='ltr'>,intermor-</span> 
     </span>
     <span class='ocr_line' id='line_1_11' title="bbox 121 1467 1195 1564; baseline 0.007 -30"><span class='ocrx_word' id='word_1_74' title='bbox 121 1486 201 1540; x_wconf 83' lang='lat' dir='ltr'>¹tuas</span> <span class='ocrx_word' id='word_1_75' title='bbox 212 1470 356 1540; x_wconf 81' lang='lat' dir='ltr'>ambusti</span> <span class='ocrx_word' id='word_1_76' title='bbox 374 1471 499 1538; x_wconf 89' lang='lat' dir='ltr'>tribuni</span> <span class='ocrx_word' id='word_1_77' title='bbox 512 1467 619 1564; x_wconf 91' lang='lat' dir='ltr'>plebis</span> <span class='ocrx_word' id='word_1_78' title='bbox 630 1471 809 1538; x_wconf 83' lang='lat' dir='ltr'>conciones</span> <span class='ocrx_word' id='word_1_79' title='bbox 821 1483 930 1539; x_wconf 85' lang='lat' dir='ltr'>vocat.</span> <span class='ocrx_word' id='word_1_80' title='bbox 946 1472 991 1538; x_wconf 90' lang='lat' dir='ltr'>Et</span> <span class='ocrx_word' id='word_1_81' title='bbox 1003 1469 1195 1542; x_wconf 85' lang='lat' dir='ltr'>Sallustium</span> 
     </span>
     <span class='ocr_line' id='line_1_12' title="bbox 129 1574 1197 1707; baseline 0.003 -61"><span class='ocrx_word' id='word_1_82' title='bbox 129 1602 278 1672; x_wconf 86' lang='lat' dir='ltr'>quoque,</span> <span class='ocrx_word' id='word_1_83' title='bbox 289 1579 324 1646; x_wconf 92' lang='lat' dir='ltr'>in</span> <span class='ocrx_word' id='word_1_84' title='bbox 336 1577 400 1646; x_wconf 87' lang='lat' dir='ltr'>hac</span> <span class='ocrx_word' id='word_1_85' title='bbox 413 1574 513 1646; x_wconf 88' lang='lat' dir='ltr'>Tullii</span> <span class='ocrx_word' id='word_1_86' title='bbox 525 1577 693 1664; x_wconf 89' lang='lat' dir='ltr'>oratione,</span> <span class='ocrx_word' id='word_1_87' title='bbox 707 1574 813 1645; x_wconf 90' lang='lat' dir='ltr'>multa</span> <span class='ocrx_word' id='word_1_88' title='bbox 827 1575 962 1671; x_wconf 86' lang='lat' dir='ltr'>oblique</span> <span class='ocrx_word' id='word_1_89' title='bbox 977 1593 1113 1707; x_wconf 87' lang='lat' dir='ltr'>petunt,</span> <span class='ocrx_word' id='word_1_90' title='bbox 1128 1581 1197 1649; x_wconf 86' lang='lat' dir='ltr'>sine</span> 
     </span>
     <span class='ocr_line' id='line_1_13' title="bbox 113 1680 436 1758; baseline 0 -6"><span class='ocrx_word' id='word_1_91' title='bbox 113 1684 250 1754; x_wconf 82' lang='lat' dir='ltr'>.indicio</span> <span class='ocrx_word' id='word_1_92' title='bbox 265 1680 436 1758; x_wconf 41' lang='lat' dir='ltr'>nominis&amp;</span> 
     </span>
    </p>

    <p class='ocr_par' dir='ltr' id='par_1_4' title="bbox 61 1787 1201 3246">
     <span class='ocr_line' id='line_1_14' title="bbox 179 1787 1198 1862; baseline 0.003 -3"><span class='ocrx_word' id='word_1_93' title='bbox 179 1792 316 1860; x_wconf 86' lang='lat' dir='ltr'>Initium</span> <span class='ocrx_word' id='word_1_94' title='bbox 339 1815 421 1859; x_wconf 85' lang='lat' dir='ltr'>vero</span> <span class='ocrx_word' id='word_1_95' title='bbox 445 1787 670 1860; x_wconf 85' lang='lat' dir='ltr'>Sallustiani</span> <span class='ocrx_word' id='word_1_96' title='bbox 661 1813 695 1856; x_wconf 80' lang='lat' dir='ltr'>in</span> <span class='ocrx_word' id='word_1_97' title='bbox 720 1787 880 1858; x_wconf 86' lang='lat' dir='ltr'>Milonem</span> <span class='ocrx_word' id='word_1_98' title='bbox 903 1789 970 1858; x_wconf 90' lang='lat' dir='ltr'>odii</span> <span class='ocrx_word' id='word_1_99' title='bbox 996 1816 1062 1860; x_wconf 90' lang='lat' dir='ltr'>non</span> <span class='ocrx_word' id='word_1_100' title='bbox 1089 1790 1198 1862; x_wconf 82' lang='lat' dir='ltr'>Sallu-</span> 
     </span>
     <span class='ocr_line' id='line_1_15' title="bbox 130 1894 1199 1991; baseline 0.003 -25"><span class='ocrx_word' id='word_1_101' title='bbox 130 1899 194 1966; x_wconf 84' lang='lat' dir='ltr'>stio</span> <span class='ocrx_word' id='word_1_102' title='bbox 214 1898 322 1991; x_wconf 84' lang='lat' dir='ltr'>magis</span> <span class='ocrx_word' id='word_1_103' title='bbox 348 1919 450 1991; x_wconf 88' lang='lat' dir='ltr'>quam</span> <span class='ocrx_word' id='word_1_104' title='bbox 471 1898 622 1984; x_wconf 76' lang='lat' dir='ltr'>Faustae,</span> <span class='ocrx_word' id='word_1_105' title='bbox 642 1919 715 1988; x_wconf 82' lang='lat' dir='ltr'>quae</span> <span class='ocrx_word' id='word_1_106' title='bbox 742 1894 837 1990; x_wconf 80' lang='lat' dir='ltr'>Syllae</span> <span class='ocrx_word' id='word_1_107' title='bbox 861 1894 930 1966; x_wconf 87' lang='lat' dir='ltr'>filia</span> <span class='ocrx_word' id='word_1_108' title='bbox 953 1896 1088 1968; x_wconf 90' lang='lat' dir='ltr'>Milonis</span> <span class='ocrx_word' id='word_1_109' title='bbox 1114 1924 1199 1970; x_wconf 84' lang='lat' dir='ltr'>uxor</span> 
     </span>
     <span class='ocr_line' id='line_1_16' title="bbox 131 2001 1197 2098; baseline 0 -24"><span class='ocrx_word' id='word_1_110' title='bbox 131 2003 205 2090; x_wconf 83' lang='lat' dir='ltr'>fuit,</span> <span class='ocrx_word' id='word_1_111' title='bbox 224 2004 426 2098; x_wconf 85' lang='lat' dir='ltr'>probrosum</span> <span class='ocrx_word' id='word_1_112' title='bbox 444 2017 607 2072; x_wconf 85' lang='lat' dir='ltr'>narratur.</span> <span class='ocrx_word' id='word_1_113' title='bbox 635 2001 768 2071; x_wconf 88' lang='lat' dir='ltr'>Scilicet</span> <span class='ocrx_word' id='word_1_114' title='bbox 787 2001 1031 2096; x_wconf 84' lang='lat' dir='ltr'>deprehensum</span> <span class='ocrx_word' id='word_1_115' title='bbox 1048 2006 1083 2073; x_wconf 90' lang='lat' dir='ltr'>in</span> <span class='ocrx_word' id='word_1_116' title='bbox 1101 2005 1197 2074; x_wconf 88' lang='lat' dir='ltr'>adul-</span> 
     </span>
     <span class='ocr_line' id='line_1_17' title="bbox 133 2109 1198 2203; baseline 0.002 -25"><span class='ocrx_word' id='word_1_117' title='bbox 133 2111 217 2178; x_wconf 86' lang='lat' dir='ltr'>terio</span> <span class='ocrx_word' id='word_1_118' title='bbox 231 2133 251 2178; x_wconf 85' lang='lat' dir='ltr'>a</span> <span class='ocrx_word' id='word_1_119' title='bbox 266 2109 393 2180; x_wconf 90' lang='lat' dir='ltr'>Milone</span> <span class='ocrx_word' id='word_1_120' title='bbox 409 2111 585 2203; x_wconf 89' lang='lat' dir='ltr'>Crispum,</span> <span class='ocrx_word' id='word_1_121' title='bbox 601 2133 665 2178; x_wconf 89' lang='lat' dir='ltr'>nec</span> <span class='ocrx_word' id='word_1_122' title='bbox 684 2109 747 2176; x_wconf 88' lang='lat' dir='ltr'>nisi</span> <span class='ocrx_word' id='word_1_123' title='bbox 768 2131 889 2202; x_wconf 79' lang='lat' dir='ltr'>magna</span> <span class='ocrx_word' id='word_1_124' title='bbox 902 2111 1044 2202; x_wconf 86' lang='lat' dir='ltr'>pecunia</span> <span class='ocrx_word' id='word_1_125' title='bbox 1059 2110 1198 2182; x_wconf 91' lang='lat' dir='ltr'>mulcta-</span> 
     </span>
     <span class='ocr_line' id='line_1_18' title="bbox 134 2213 1197 2311; baseline 0.002 -27"><span class='ocrx_word' id='word_1_126' title='bbox 134 2229 224 2301; x_wconf 88' lang='lat' dir='ltr'>tum,</span> <span class='ocrx_word' id='word_1_127' title='bbox 236 2229 271 2284; x_wconf 87' lang='lat' dir='ltr'>et</span> <span class='ocrx_word' id='word_1_128' title='bbox 290 2217 387 2311; x_wconf 76' lang='lat' dir='ltr'>virgis</span> <span class='ocrx_word' id='word_1_129' title='bbox 406 2213 584 2287; x_wconf 89' lang='lat' dir='ltr'>crudeliter</span> <span class='ocrx_word' id='word_1_130' title='bbox 603 2239 742 2302; x_wconf 74' lang='lat' dir='ltr'>cassum,</span> <span class='ocrx_word' id='word_1_131' title='bbox 764 2213 807 2282; x_wconf 87' lang='lat' dir='ltr'>ab</span> <span class='ocrx_word' id='word_1_132' title='bbox 825 2238 866 2282; x_wconf 89' lang='lat' dir='ltr'>eo</span> <span class='ocrx_word' id='word_1_133' title='bbox 884 2214 1055 2284; x_wconf 87' lang='lat' dir='ltr'>dimissum</span> <span class='ocrx_word' id='word_1_134' title='bbox 1071 2215 1197 2286; x_wconf 82' lang='lat' dir='ltr'>firisse&#39;.</span> 
     </span>
     <span class='ocr_line' id='line_1_19' title="bbox 134 2319 1199 2418; baseline -0.001 -25"><span class='ocrx_word' id='word_1_135' title='bbox 134 2325 217 2393; x_wconf 74' lang='lat' dir='ltr'>llaec</span> <span class='ocrx_word' id='word_1_136' title='bbox 237 2319 322 2392; x_wconf 78' lang='lat' dir='ltr'>soedn</span> <span class='ocrx_word' id='word_1_137' title='bbox 348 2321 474 2418; x_wconf 89' lang='lat' dir='ltr'>publici</span> <span class='ocrx_word' id='word_1_138' title='bbox 491 2320 634 2392; x_wconf 87' lang='lat' dir='ltr'>incendii</span> <span class='ocrx_word' id='word_1_139' title='bbox 654 2343 762 2390; x_wconf 83' lang='lat' dir='ltr'>causa.</span> <span class='ocrx_word' id='word_1_140' title='bbox 781 2321 852 2409; x_wconf 89' lang='lat' dir='ltr'>Qui</span> <span class='ocrx_word' id='word_1_141' title='bbox 874 2319 973 2388; x_wconf 83' lang='lat' dir='ltr'>luerit</span> <span class='ocrx_word' id='word_1_142' title='bbox 990 2323 1082 2390; x_wconf 90' lang='lat' dir='ltr'>istius</span> <span class='ocrx_word' id='word_1_143' title='bbox 1103 2321 1199 2392; x_wconf 87' lang='lat' dir='ltr'>dimi-</span> 
     </span>
     <span class='ocr_line' id='line_1_20' title="bbox 133 2425 1199 2524; baseline 0.002 -26"><span class='ocrx_word' id='word_1_144' title='bbox 133 2430 272 2498; x_wconf 77' lang='lat' dir='ltr'>cationis</span> <span class='ocrx_word' id='word_1_145' title='bbox 293 2431 418 2516; x_wconf 80' lang='lat' dir='ltr'>exitus,</span> <span class='ocrx_word' id='word_1_146' title='bbox 436 2427 634 2524; x_wconf 86' lang='lat' dir='ltr'>pulsumque</span> <span class='ocrx_word' id='word_1_147' title='bbox 655 2429 690 2496; x_wconf 91' lang='lat' dir='ltr'>in</span> <span class='ocrx_word' id='word_1_148' title='bbox 712 2425 862 2516; x_wconf 87' lang='lat' dir='ltr'>exilium,</span> <span class='ocrx_word' id='word_1_149' title='bbox 880 2425 989 2496; x_wconf 87' lang='lat' dir='ltr'>Tullio</span> <span class='ocrx_word' id='word_1_150' title='bbox 1012 2425 1135 2498; x_wconf 82' lang='lat' dir='ltr'>frustra</span> <span class='ocrx_word' id='word_1_151' title='bbox 1150 2429 1199 2500; x_wconf 87' lang='lat' dir='ltr'>di·</span> 
     </span>
     <span class='ocr_line' id='line_1_21' title="bbox 133 2533 1198 2631; baseline 0 -25"><span class='ocrx_word' id='word_1_152' title='bbox 133 2549 248 2623; x_wconf 85' lang='lat' dir='ltr'>cente,</span> <span class='ocrx_word' id='word_1_153' title='bbox 267 2535 450 2623; x_wconf 89' lang='lat' dir='ltr'>Milonem,</span> <span class='ocrx_word' id='word_1_154' title='bbox 472 2536 596 2605; x_wconf 89' lang='lat' dir='ltr'>nemini</span> <span class='ocrx_word' id='word_1_155' title='bbox 617 2559 754 2631; x_wconf 89' lang='lat' dir='ltr'>prorsus</span> <span class='ocrx_word' id='word_1_156' title='bbox 781 2536 941 2628; x_wconf 82' lang='lat' dir='ltr'>ignotum.</span> <span class='ocrx_word' id='word_1_157' title='bbox 973 2533 1040 2604; x_wconf 89' lang='lat' dir='ltr'>Sed</span> <span class='ocrx_word' id='word_1_158' title='bbox 1063 2535 1198 2606; x_wconf 86' lang='lat' dir='ltr'>brevem</span> 
     </span>
     <span class='ocr_line' id='line_1_22' title="bbox 134 2638 1200 2730; baseline 0.003 -20"><span class='ocrx_word' id='word_1_159' title='bbox 134 2644 280 2712; x_wconf 67' lang='lat' dir='ltr'>victoriae</span> <span class='ocrx_word' id='word_1_160' title='bbox 299 2639 446 2714; x_wconf 77' lang='lat' dir='ltr'>laetitiam</span> <span class='ocrx_word' id='word_1_161' title='bbox 464 2640 569 2712; x_wconf 86' lang='lat' dir='ltr'>tulere</span> <span class='ocrx_word' id='word_1_162' title='bbox 588 2638 669 2710; x_wconf 87' lang='lat' dir='ltr'>mali</span> <span class='ocrx_word' id='word_1_163' title='bbox 694 2642 800 2730; x_wconf 82' lang='lat' dir='ltr'>cives,</span> <span class='ocrx_word' id='word_1_164' title='bbox 825 2642 913 2710; x_wconf 90' lang='lat' dir='ltr'>etin</span> <span class='ocrx_word' id='word_1_165' title='bbox 934 2642 1076 2711; x_wconf 74' lang='lat' dir='ltr'>incensae</span> <span class='ocrx_word' id='word_1_166' title='bbox 1099 2646 1200 2714; x_wconf 81' lang='lat' dir='ltr'>curiae</span> 
     </span>
     <span class='ocr_line' id='line_1_23' title="bbox 134 2747 1200 2841; baseline 0.002 -23"><span class='ocrx_word' id='word_1_167' title='bbox 134 2772 265 2841; x_wconf 83' lang='lat' dir='ltr'>poenam</span> <span class='ocrx_word' id='word_1_168' title='bbox 274 2747 423 2820; x_wconf 81' lang='lat' dir='ltr'>damnati</span> <span class='ocrx_word' id='word_1_169' title='bbox 437 2763 515 2818; x_wconf 88' lang='lat' dir='ltr'>sunt</span> <span class='ocrx_word' id='word_1_170' title='bbox 528 2747 653 2832; x_wconf 81' lang='lat' dir='ltr'>Rufus,</span> <span class='ocrx_word' id='word_1_171' title='bbox 666 2749 853 2836; x_wconf 82' lang='lat' dir='ltr'>Munatius,</span> <span class='ocrx_word' id='word_1_172' title='bbox 866 2761 901 2817; x_wconf 92' lang='lat' dir='ltr'>et</span> <span class='ocrx_word' id='word_1_173' title='bbox 913 2750 1031 2818; x_wconf 81' lang='lat' dir='ltr'>Sextus</span> <span class='ocrx_word' id='word_1_174' title='bbox 1046 2747 1200 2837; x_wconf 88' lang='lat' dir='ltr'>Clodius,</span> 
     </span>
     <span class='ocr_line' id='line_1_24' title="bbox 61 2852 1200 2952; baseline 0.002 -28"><span class='ocrx_word' id='word_1_175' title='bbox 61 2887 72 2906; x_wconf 71' lang='lat'><strong><em>¹</em></strong></span> <span class='ocrx_word' id='word_1_176' title='bbox 134 2853 287 2926; x_wconf 89' lang='lat' dir='ltr'>Clodiani</span> <span class='ocrx_word' id='word_1_177' title='bbox 309 2854 479 2952; x_wconf 89' lang='lat' dir='ltr'>quondam</span> <span class='ocrx_word' id='word_1_178' title='bbox 500 2855 622 2924; x_wconf 81' lang='lat' dir='ltr'>fluoris</span> <span class='ocrx_word' id='word_1_179' title='bbox 642 2852 710 2922; x_wconf 86' lang='lat' dir='ltr'>dux</span> <span class='ocrx_word' id='word_1_180' title='bbox 736 2868 837 2948; x_wconf 86' lang='lat' dir='ltr'>atque</span> <span class='ocrx_word' id='word_1_181' title='bbox 858 2853 1002 2949; x_wconf 82' lang='lat' dir='ltr'>signifer.</span> <span class='ocrx_word' id='word_1_182' title='bbox 1028 2854 1200 2926; x_wconf 80' lang='lat' dir='ltr'>Sallustius</span> 
     </span>
     <span class='ocr_line' id='line_1_25' title="bbox 135 2958 1201 3062; baseline 0 -30"><span class='ocrx_word' id='word_1_183' title='bbox 135 2985 268 3056; x_wconf 79' lang='lat' dir='ltr'>poenam</span> <span class='ocrx_word' id='word_1_184' title='bbox 282 2963 318 3030; x_wconf 91' lang='lat' dir='ltr'>in</span> <span class='ocrx_word' id='word_1_185' title='bbox 335 2963 510 3056; x_wconf 69' lang='lat' dir='ltr'>prasentia</span> <span class='ocrx_word' id='word_1_186' title='bbox 525 2961 663 3054; x_wconf 80' lang='lat' dir='ltr'>effirgit3</span> <span class='ocrx_word' id='word_1_187' title='bbox 682 2958 739 3030; x_wconf 87' lang='lat' dir='ltr'>sed</span> <span class='ocrx_word' id='word_1_188' title='bbox 755 2983 843 3030; x_wconf 82' lang='lat' dir='ltr'>anno</span> <span class='ocrx_word' id='word_1_189' title='bbox 861 2963 954 3056; x_wconf 75' lang='lat'>704,</span> <span class='ocrx_word' id='word_1_190' title='bbox 966 2983 1120 3032; x_wconf 83' lang='lat' dir='ltr'>censores</span> <span class='ocrx_word' id='word_1_191' title='bbox 1137 2966 1201 3062; x_wconf 84' lang='lat' dir='ltr'>Ap·</span> 
     </span>
     <span class='ocr_line' id='line_1_26' title="bbox 134 3066 1200 3161; baseline 0 -23"><span class='ocrx_word' id='word_1_192' title='bbox 134 3069 208 3161; x_wconf 86' lang='lat' dir='ltr'>pius</span> <span class='ocrx_word' id='word_1_193' title='bbox 234 3067 379 3140; x_wconf 84' lang='lat' dir='ltr'>Pulcher</span> <span class='ocrx_word' id='word_1_194' title='bbox 399 3082 434 3140; x_wconf 87' lang='lat' dir='ltr'>ct</span> <span class='ocrx_word' id='word_1_195' title='bbox 458 3070 533 3138; x_wconf 89' lang='lat' dir='ltr'>Piso</span> <span class='ocrx_word' id='word_1_196' title='bbox 560 3091 637 3138; x_wconf 87' lang='lat' dir='ltr'>eum</span> <span class='ocrx_word' id='word_1_197' title='bbox 660 3067 705 3136; x_wconf 91' lang='lat' dir='ltr'>ob</span> <span class='ocrx_word' id='word_1_198' title='bbox 726 3066 896 3138; x_wconf 75' lang='lat' dir='ltr'>insanum</span> <span class='ocrx_word' id='word_1_199' title='bbox 924 3091 1056 3137; x_wconf 90' lang='lat' dir='ltr'>morum</span> <span class='ocrx_word' id='word_1_200' title='bbox 1084 3085 1200 3139; x_wconf 89' lang='lat' dir='ltr'>senatu</span> 
     </span>
     <span class='ocr_line' id='line_1_27' title="bbox 135 3190 323 3246; baseline 0.011 -2"><span class='ocrx_word' id='word_1_201' title='bbox 135 3190 323 3246; x_wconf 78' lang='lat' dir='ltr'>movenmt</span> 
     </span>
    </p>

    <p class='ocr_par' dir='ltr' id='par_1_5' title="bbox 24 3280 1203 3911">
     <span class='ocr_line' id='line_1_28' title="bbox 189 3280 1202 3376; baseline 0.004 -27"><span class='ocrx_word' id='word_1_202' title='bbox 189 3283 317 3354; x_wconf 86' lang='lat' dir='ltr'>Omnes</span> <span class='ocrx_word' id='word_1_203' title='bbox 331 3280 401 3352; x_wconf 86' lang='lat' dir='ltr'>fere</span> <span class='ocrx_word' id='word_1_204' title='bbox 420 3282 637 3376; x_wconf 83' lang='lat' dir='ltr'>interpretes,</span> <span class='ocrx_word' id='word_1_205' title='bbox 652 3294 686 3348; x_wconf 90' lang='lat' dir='ltr'>et</span> <span class='ocrx_word' id='word_1_206' title='bbox 706 3281 885 3374; x_wconf 69' lang='lat' dir='ltr'>prasertim</span> <span class='ocrx_word' id='word_1_207' title='bbox 899 3281 952 3348; x_wconf 84' lang='lat' dir='ltr'>vir</span> <span class='ocrx_word' id='word_1_208' title='bbox 973 3282 1099 3375; x_wconf 80' lang='lat' dir='ltr'>optime</span> <span class='ocrx_word' id='word_1_209' title='bbox 1115 3284 1202 3354; x_wconf 87' lang='lat' dir='ltr'>inter</span> 
     </span>
     <span class='ocr_line' id='line_1_29' title="bbox 137 3379 1202 3478; baseline -0.002 -20"><span class='ocrx_word' id='word_1_210' title='bbox 137 3401 302 3458; x_wconf 80' lang='lat' dir='ltr'>nostrates</span> <span class='ocrx_word' id='word_1_211' title='bbox 318 3388 361 3458; x_wconf 90' lang='lat' dir='ltr'>de</span> <span class='ocrx_word' id='word_1_212' title='bbox 373 3385 528 3461; x_wconf 74' lang='lat' dir='ltr'>Sallustio</span> <span class='ocrx_word' id='word_1_213' title='bbox 544 3387 682 3458; x_wconf 86' lang='lat' dir='ltr'>meritus</span> <span class='ocrx_word' id='word_1_214' title='bbox 698 3379 755 3475; x_wconf 69' lang='lat' dir='ltr'>(k</span> <span class='ocrx_word' id='word_1_215' title='bbox 774 3379 956 3456; x_wconf 77' lang='lat' dir='ltr'>Prdu&#39;dent</span> <span class='ocrx_word' id='word_1_216' title='bbox 967 3389 1023 3456; x_wconf 87' lang='lat' dir='ltr'>De</span> <span class='ocrx_word' id='word_1_217' title='bbox 1037 3383 1202 3478; x_wconf 75' lang='lat' dir='ltr'>Brosses)</span> 
     </span>
     <span class='ocr_line' id='line_1_30' title="bbox 135 3493 1201 3588; baseline 0.001 -25"><span class='ocrx_word' id='word_1_218' title='bbox 135 3495 325 3564; x_wconf 60' lang='lat' dir='ltr'>exstimant</span> <span class='ocrx_word' id='word_1_219' title='bbox 342 3493 532 3565; x_wconf 80' lang='lat' dir='ltr'>Sallustium</span> <span class='ocrx_word' id='word_1_220' title='bbox 550 3507 631 3564; x_wconf 84' lang='lat' dir='ltr'>tunc</span> <span class='ocrx_word' id='word_1_221' title='bbox 649 3495 807 3588; x_wconf 87' lang='lat' dir='ltr'>temporis</span> <span class='ocrx_word' id='word_1_222' title='bbox 831 3493 1058 3563; x_wconf 85' lang='lat' dir='ltr'>Catilinarium</span> <span class='ocrx_word' id='word_1_223' title='bbox 1077 3493 1201 3564; x_wconf 87' lang='lat' dir='ltr'>bellum</span> 
     </span>
     <span class='ocr_line' id='line_1_31' title="bbox 135 3599 1201 3721; baseline 0.001 -52"><span class='ocrx_word' id='word_1_224' title='bbox 135 3602 315 3695; x_wconf 86' lang='lat' dir='ltr'>scripsisse.</span> <span class='ocrx_word' id='word_1_225' title='bbox 335 3602 449 3721; x_wconf 80' lang='lat' dir='ltr'>Quam</span> <span class='ocrx_word' id='word_1_226' title='bbox 469 3601 659 3696; x_wconf 89' lang='lat' dir='ltr'>opinionem</span> <span class='ocrx_word' id='word_1_227' title='bbox 677 3599 810 3668; x_wconf 86' lang='lat' dir='ltr'>finnare</span> <span class='ocrx_word' id='word_1_228' title='bbox 828 3599 960 3668; x_wconf 84' lang='lat' dir='ltr'>videtur</span> <span class='ocrx_word' id='word_1_229' title='bbox 981 3602 1068 3670; x_wconf 88' lang='lat' dir='ltr'>tertii</span> <span class='ocrx_word' id='word_1_230' title='bbox 1086 3603 1201 3694; x_wconf 84' lang='lat' dir='ltr'>capitis</span> 
     </span>
     <span class='ocr_line' id='line_1_32' title="bbox 24 3695 1199 3804; baseline -0.002 -26"><span class='ocrx_word' id='word_1_231' title='bbox 24 3695 26 3712; x_wconf 19' lang='grc' dir='ltr'><strong>ι</strong></span> <span class='ocrx_word' id='word_1_232' title='bbox 135 3705 213 3777; x_wconf 85' lang='lat' dir='ltr'>finis</span> <span class='ocrx_word' id='word_1_233' title='bbox 217 3733 313 3801; x_wconf 91' lang='lat' dir='ltr'>,quo</span> <span class='ocrx_word' id='word_1_234' title='bbox 326 3709 517 3804; x_wconf 89' lang='lat' dir='ltr'>principum</span> <span class='ocrx_word' id='word_1_235' title='bbox 532 3705 634 3778; x_wconf 83' lang='lat' dir='ltr'>malas</span> <span class='ocrx_word' id='word_1_236' title='bbox 654 3720 740 3776; x_wconf 86' lang='lat' dir='ltr'>artes</span> <span class='ocrx_word' id='word_1_237' title='bbox 756 3721 790 3774; x_wconf 91' lang='lat' dir='ltr'>et</span> <span class='ocrx_word' id='word_1_238' title='bbox 804 3707 961 3775; x_wconf 85' lang='lat' dir='ltr'>invidiam</span> <span class='ocrx_word' id='word_1_239' title='bbox 978 3711 1199 3802; x_wconf 88' lang='lat' dir='ltr'>conqueritur.</span> 
     </span>
     <span class='ocr_line' id='line_1_33' title="bbox 24 3805 1203 3932; baseline -0.003 -48"><span class='ocrx_word' id='word_1_240' title='bbox 24 3805 25 3810; x_wconf 8' lang='grc' dir='ltr'>ἵ</span> <span class='ocrx_word' id='word_1_241' title='bbox 135 3813 310 3904; x_wconf 73' lang='lat' dir='ltr'>Attamen,</span> <span class='ocrx_word' id='word_1_242' title='bbox 322 3815 446 3911; x_wconf 86' lang='lat' dir='ltr'>quod</span> <span class='ocrx_word' id='word_1_243' title='bbox 438 3839 471 3883; x_wconf 89' lang='lat' dir='ltr'>m</span> <span class='ocrx_word' id='word_1_244' title='bbox 493 3813 557 3884; x_wconf 82' lang='lat' dir='ltr'>hac</span> <span class='ocrx_word' id='word_1_245' title='bbox 576 3813 693 3884; x_wconf 87' lang='lat' dir='ltr'>eadem</span> <span class='ocrx_word' id='word_1_246' title='bbox 711 3813 846 3932; x_wconf 78' lang='lat' dir='ltr'>historia</span> <span class='ocrx_word' id='word_1_247' title='bbox 862 3815 998 3883; x_wconf 83' lang='lat' dir='ltr'>Catonis</span> <span class='ocrx_word' id='word_1_248' title='bbox 1019 3829 1053 3882; x_wconf 91' lang='lat' dir='ltr'>et</span> <span class='ocrx_word' id='word_1_249' title='bbox 1066 3817 1203 3884; x_wconf 85' lang='lat' dir='ltr'>Caesaris</span> 
     </span>
    </p>
   </div>
   <div class='ocr_carea' id='block_1_4' title="bbox 179 3987 1252 4134">
    <p class='ocr_par' dir='ltr' id='par_1_6' title="bbox 179 3987 1252 4134">
     <span class='ocr_line' id='line_1_34' title="bbox 179 3987 525 4057; baseline 0 -18"><span class='ocrx_word' id='word_1_250' title='bbox 179 4003 205 4039; x_wconf 84' lang='grc' dir='ltr'>ι.</span> <span class='ocrx_word' id='word_1_251' title='bbox 230 3987 366 4057; x_wconf 63' lang='lat' dir='ltr'>mulus,</span> <span class='ocrx_word' id='word_1_252' title='bbox 382 3989 412 4044; x_wconf 89' lang='lat' dir='ltr'>in</span> <span class='ocrx_word' id='word_1_253' title='bbox 429 3987 525 4042; x_wconf 85' lang='lat' dir='ltr'>Milon.</span> 
     </span>
     <span class='ocr_line' id='line_1_35' title="bbox 198 4063 1252 4134; baseline 0.001 -15"><span class='ocrx_word' id='word_1_254' title='bbox 198 4105 206 4119; x_wconf 90' lang='lat'><strong>.</strong></span> <span class='ocrx_word' id='word_1_255' title='bbox 228 4069 310 4134; x_wconf 68' lang='lat' dir='ltr'>Aoo,</span> <span class='ocrx_word' id='word_1_256' title='bbox 325 4069 358 4124; x_wconf 76' lang='lat' dir='ltr'>nd</span> <span class='ocrx_word' id='word_1_257' title='bbox 372 4071 469 4122; x_wconf 76' lang='lat' dir='ltr'>Horat.</span> <span class='ocrx_word' id='word_1_258' title='bbox 487 4067 539 4120; x_wconf 81' lang='lat' dir='ltr'>Sat.</span> <span class='ocrx_word' id='word_1_259' title='bbox 555 4083 581 4132; x_wconf 89' lang='lat' dir='ltr'>r,</span> <span class='ocrx_word' id='word_1_260' title='bbox 599 4085 629 4131; x_wconf 72' lang='lat' dir='ltr'>a,</span> <span class='ocrx_word' id='word_1_261' title='bbox 646 4073 689 4128; x_wconf 71' lang='lat' dir='ltr'>tr.</span> <span class='ocrx_word' id='word_1_262' title='bbox 704 4065 771 4118; x_wconf 85' lang='lat' dir='ltr'>Item</span> <span class='ocrx_word' id='word_1_263' title='bbox 787 4065 859 4118; x_wconf 83' lang='lat' dir='ltr'>Serv.</span> <span class='ocrx_word' id='word_1_264' title='bbox 875 4063 980 4117; x_wconf 82' lang='lat' dir='ltr'>AEneid.</span> <span class='ocrx_word' id='word_1_265' title='bbox 996 4083 1040 4130; x_wconf 85' lang='lat' dir='ltr'>vr,</span> <span class='ocrx_word' id='word_1_266' title='bbox 1056 4069 1120 4121; x_wconf 72' lang='lat'><em>612.</em></span> <span class='ocrx_word' id='word_1_267' title='bbox 1242 4064 1252 4090; x_wconf 79' lang='lat'>&#39;¹</span> 
     </span>
    </p>
   </div>
   <div class='ocr_carea' id='block_1_5' title="bbox 0 0 1485 4642">
    <p class='ocr_par' dir='ltr' id='par_1_7' title="bbox 0 0 1485 4642">
     <span class='ocr_line' id='line_1_36' title="bbox 0 0 1485 4642; baseline 0 0"><span class='ocrx_word' id='word_1_268' title='bbox 0 0 1485 4642; x_wconf 95' lang='lat' dir='ltr'> </span> 
     </span>
    </p>
   </div>
  </div>
 </body>
</html>
