2950 4648
246 375 323 464 ato
633 378 912 446 santusru

244 509 309 580 hoc
328 511 481 594 nominee,
506 533 606 604 quarn
629 508 803 579 Sallustius
828 535 848 578 a
868 513 1041 604 Perpenna
1062 519 1192 602 raptam
1213 528 1305 573 eorn-

244 630 414 685 rnernorat.
434 615 539 685 Idem.

294 725 389 793 Getae
406 737 484 791 sunt
499 719 640 816 Mysii⁹²,
652 747 735 816 quos
752 720 924 792 Sallustius
944 745 964 789 a
979 717 1119 790 Lucullo
1135 717 1216 788 dioit
1232 739 1304 786 esse

242 842 423 923 superatos.
446 827 552 897 Idem.
1045 833 1049 840 '

293 937 513 1029 Troianorum
540 949 689 1029 tempore
720 933 982 1004 invadendarunr
1012 949 1176 1003 terrarum
1202 953 1304 1000 causa

242 1041 350 1110 fixerat
367 1043 555 1136 navigatio,
577 1043 623 1110 uti
643 1039 813 1111 Sallustius
835 1043 993 1111 meminit.
1013 1040 1118 1110 Idem.

294 1148 456 1218 Curribus
471 1147 596 1217 laleatis
610 1172 687 1218 usos
699 1172 769 1216 esse
781 1149 950 1243 antiquos,
964 1149 1077 1218 Livius
1084 1159 1121 1214 et
1132 1142 1302 1214 Sallustius

240 1253 372 1326 donent.
394 1254 499 1324 Idem.

295 1364 396 1432 Viam
409 1360 594 1456 significant
606 1346 796 1456 pugnamff,
810 1362 887 1455 quia
900 1386 961 1456 per
969 1357 1225 1432 vicissitudinem
1241 1379 1301 1450 pu·

242 1463 421 1564 gnabatur‚
441 1482 480 1536 ut
496 1467 602 1561 inquit
625 1465 805 1537 Sallustius.
824 1467 932 1537 Idem.

294 1577 394 1642 Creta
412 1573 521 1642 medio
533 1573 623 1666 jacet
635 1573 742 1642 insula
759 1589 883 1668 ponto,
900 1573 934 1642 id
951 1587 1015 1658 est,
1034 1573 1216 1644 seeundum
1230 1567 1299 1641 Sal-

242 1679 394 1766 lustium,
408 1678 525 1775 procul
546 1703 565 1747 a
584 1681 775 1748 continenti.
795 1680 900 1748 Idem.

293 1788 404 1854 Primo
420 1810 532 1854 mense
544 1787 629 1854 veris
647 1785 768 1855 dicitur
784 1811 908 1854 novum
926 1811 1002 1873 ver,
1017 1785 1163 1855 secundo
1174 1809 1234 1852 ver
1244 1781 1300 1850 ad-

241 1891 363 1978 ultum,
376 1894 474 1960 tertio
485 1916 651 1986 praeceps:
667 1894 752 1962 sicut
766 1894 863 1961 etiarn
880 1891 1050 1962 Sallustius
1066 1891 1146 1961 dicit
1159 1891 1299 1985 ubique,

241 1999 327 2068 nova
347 2013 458 2098 astas,
477 1997 605 2086 adulta,
627 2023 781 2094 praeceps.
798 1997 904 2070 Idem.

293 2104 463 2175 Sallustius
478 2106 511 2172 in
533 2107 685 2174 Historiis
702 2105 817 2192 tradit,
828 2107 1010 2174 Sertorium
1022 2105 1146 2174 victum
1160 2102 1299 2172 voluisse

241 2213 355 2308 fugere
377 2211 419 2281 arl
433 2211 555 2280 insulas
577 2215 784 2281 Fortunatas.
807 2215 936 2282 Acron.

292 2319 420 2388 Insulas
441 2321 637 2388 Fortunatas
657 2317 829 2388 Sallustius
850 2316 989 2388 inclutas
1007 2343 1077 2388 esse
1096 2319 1143 2386 ait
1164 2315 1298 2386 Homeri

240 2425 450 2496 carminibus.
470 2429 612 2497 Servius.

294 2535 495 2601 Proxumum
518 2531 674 2600 dicebant
690 2546 834 2616 veteres,
853 2555 921 2600 non
936 2531 1041 2600 solum
1061 2529 1248 2614 adherens,
1268 2539 1299 2594 et

239 2638 450 2731 adjunctum,
468 2639 699 2706 verumetiam
716 2637 813 2732 longe
829 2651 1013 2726 remotum,
1036 2637 1063 2706 si
1082 2650 1193 2706 tamen
1215 2635 1297 2711 inter

240 2745 307 2813 duo
326 2743 467 2816 discreta
484 2742 565 2812 nihil
583 2743 728 2814 medium
744 2744 928 2814 exstitisset
947 2745 1065 2836 Vergil.
1086 2740 1225 2811 AEreeid.
1245 2741 1297 2808 V:

360 2889 513 2949 Proximus
528 2887 615 2962 huic,
632 2887 721 2970 longo
735 2890 789 2950 sed
803 2891 954 2968 proximae
967 2887 1141 2959 intervallo,

359 2986 529 3064 Insequitur
543 2985 648 3048 Salius.

237 3155 340 3210 *bellurn
360 3153 468 3226 gmon
483 3173 542 3208 non
557 3153 664 3209 videtur
683 3156 747 3209 Per·
790 3157 873 3210 latino
898 3167 994 3228 porta,
1023 3159 1051 3208 in
1072 3173 1158 3209 unum
1184 3156 1294 3208 verbum

241 3255 337 3310 penna
360 3233 423 3288 cue
442 3247 530 3290 autem
560 3236 623 3288 urbs
641 3236 697 3289 tuit
717 3237 747 3289 iu
789 3237 1065 3308 conjunctis‚faotum
1080 3249 1118 3289 est
1132 3234 1228 3288 veteris
1243 3235 1296 3285 Lu·

241 3316 385 3380 Gallaecia,
410 3315 457 3386 qui
480 3328 577 3369 tractus
604 3315 744 3378 Callaicus,
788 3315 891 3370 eitaniae
907 3333 1006 3370 nomen
1023 3317 1174 3381 recentius,
1196 3315 1296 3368 lePor-

237 3397 348 3450 nomine
367 3395 445 3448 abea
459 3396 525 3450 urlre
545 3393 685 3460 derivato,
700 3415 747 3449 an·
791 3397 868 3466 rugel.
971 3395 975 3407 '

236 3477 320 3550 -tiquie
341 3475 487 3529 elioehetnr.
519 3476 579 3529 Jarn
600 3495 666 3530 vero
687 3475 748 3529 Cale
832 3475 979 3548 9¹·1Myvt't'.
993 3476 1032 3528 Ut
1044 3473 1161 3528 Dardani
1177 3467 1253 3546 (sup.
1267 3490 1293 3524 ιι.

240 3556 398 3611 vocabulum
420 3573 561 3608 commune
583 3557 634 3610 luit
651 3567 748 3628 portua
791 3559 827 3610 86
840 3554 867 3620 ),
886 3557 925 3609 eie
942 3567 971 3608 et
990 3555 1072 3629 myrti
1086 3573 1118 3608 ex
1141 3553 1248 3625 Europa
1268 3553 1295 3604 in

240 3632 755 3708 significarmhodiequoqueeeruetum·
789 3636 877 3689 Asiam
901 3638 1011 3706 trajecto
1034 3633 1222 3705 Hellesponto,
1246 3633 1295 3684 rni-

240 3717 384 3768 innomine
391 3715 465 3766 urhis
471 3715 622 3767 Caletorum
630 3711 746 3781 (calais),
789 3728 942 3787 gravernnt.
952 3714 1112 3768 Habitabent
1126 3713 1216 3784 priano
1227 3713 1295 3764 ultra

241 3796 385 3850 Caleteneis
397 3795 453 3866 egri
468 3789 510 3855 (le
520 3813 582 3867 pays
593 3795 623 3846 de
640 3794 744 3860 Ceus),
790 3807 908 3848 montem
931 3795 1069 3860 Haemum,
1090 3793 1296 3864 septentrionem

241 3887 267 3928 et
282 3877 311 3928 in
333 3877 390 3947 ipso
406 3873 536 3927 vocabulo
555 3893 638 3938 oasa,
656 3873 745 3947 quod,
789 3895 888 3930 rmus.
902 3875 943 3927 ab
960 3875 992 3927 iis
1006 3872 1077 3926 dieta
1091 3872 1164 3945 regio
1183 3873 1295 3942 Europe

242 3967 332 4007 nostro
347 3971 483 4018 sermone,
496 3968 536 4007 est
548 3973 644 4026 parvus
659 3970 686 4008 et
700 3973 746 4008 na·
790 3955 880 4008 Maesia
890 3993 898 4020 ‚
910 3972 993 4027 grece
1008 3955 1104 4007 Μυσία.

242 4033 332 4088 metu
350 4047 451 4104 portin.
474 4033 514 4086 Ex
532 4035 625 4088 celtioo
643 4034 702 4088 Cale
720 4047 747 4089 et
832 4031 1293 4104 93.Vuesslqaficaatpugem.Quem
