2950 4648
538 412 890 482 FRAGMENTA.
1170 411 1240 495 441

237 539 360 634 Magna
380 541 624 622 vishominum
644 557 845 614 convenerat
866 544 952 639 agris
976 539 1069 638 pulsa
1086 557 1143 610 aut
1163 544 1246 611 civi·

126 677 134 685 ·
185 656 252 712 tate
267 645 379 738 ejecta.
402 647 497 718 Idem
519 649 650 719 ibidem.

236 750 349 838 Quum
377 779 510 824 murum
530 756 674 827 hostium
703 758 930 843 successisset,
956 779 1070 850 poenas
1098 753 1244 824 dederat.

184 856 296 946 Idem,
318 860 370 930 ad
382 863 552 957 Eclogam
572 869 735 958 quintam.

237 964 370 1061 Quippe
392 983 484 1038 vasta
502 968 596 1038 Italia
615 972 754 1064 rapinis,
773 969 867 1062 fuga,
886 967 1038 1038 caedibus.
1054 967 1159 1038 Idem.

237 1072 280 1138 Hi
311 1088 388 1142 sunt
411 1078 468 1168 qui
496 1075 676 1146 secundum
700 1075 817 1171 pocula
831 1061 856 1114 ⁷⁴
880 1091 913 1144 et
941 1073 1019 1144 alias
1048 1100 1100 1144 res
1132 1095 1248 1142 aureas

184 1175 245 1244 diis
266 1195 391 1250 sacrata
419 1184 635 1252 instrumenta
663 1183 817 1251 convivio
840 1195 1037 1250 mereantur.
1052 1173 1067 1204 *
1086 1180 1183 1250 Idem
1201 1179 1254 1248 ad

186 1284 270 1350 vtlt
295 1287 473 1357 AEnet'dos.

239 1391 278 1456 In
291 1393 435 1462 secunda
447 1393 580 1466 festinas
591 1396 745 1466 cohortes
762 1408 1002 1490 composuerat.
1019 1395 1111 1463 Idem
1125 1391 1178 1462 ad
1186 1393 1248 1460 IX.

239 1497 312 1564 Jam
330 1515 466 1593 repente
484 1504 573 1572 visus
596 1505 709 1572 saevire
728 1506 870 1596 Taguns.
890 1500 986 1571 Idem
1007 1501 1115 1570 ad'X.

238 1604 370 1673 Exuant
388 1609 487 1676 ermis
501 1607 666 1702 equisque.
684 1609 790 1679 Idem.

240 1709 333 1780 Solas
353 1709 516 1809 festinare.
534 1716 639 1784 Idem.

241 1818 417 1889 Lusitaniae
439 1845 573 1914 gravem
593 1824 770 1891 civitatem.
791 1823 895 1892 Idem.

240 1924 291 1990 Ex
309 1939 401 2018 parte
421 1927 607 1996 cohortium
631 1931 809 2024 praecipere
831 1931 1019 2015 instructa,
1039 1941 1072 1996 et
1094 1925 1249 1994 stationes

189 2026 303 2100 locatae
318 2055 380 2123 pro
400 2035 523 2104 castris.
541 2035 647 2104 Idem.

241 2134 385 2224 Bellum,
403 2139 521 2233 quibus
541 2155 653 2234 posset
671 2139 930 2224 conditionibus,
953 2138 1125 2207 desineret.
1143 2135 1249 2204 idem.

242 2244 282 2308 ln
300 2244 372 2336 quis
393 2242 584 2339 longissimo
600 2269 673 2315 oevo
688 2245 783 2341 plura
798 2245 946 2314 debonis
961 2243 1040 2313 falsa
1055 2245 1089 2312 in
1106 2241 1250 2311 deterius

193 2351 386 2442 composuit.
407 2352 512 2421 Idem.

246 2445 345 2531 ‚Cultu
368 2461 514 2552 corporis
536 2473 652 2528 ornata
676 2443 852 2553 egregio⁷⁵.
871 2457 975 2527 Idem.

245 2562 458 2632 AtSerton'us
471 2589 594 2634 vacuus
607 2565 715 2634 hieme
723 2589 843 2658 augere
851 2565 971 2660 copias.
980 2565 1062 2632 Aer.
1071 2560 1122 2630 (td
1125 2563 1251 2629 Horat.

245 2668 301 2735 Sin
329 2671 378 2755 vie
400 2670 557 2754 obsistat,
582 2671 670 2742 ferro
694 2696 794 2766 quarn
817 2671 903 2740 farne
926 2671 1049 2765 aequius
1076 2668 1249 2764 perituros.

193 2775 333 2844 Serretes.
356 2841 359 2853 ,
393 2849 396 2858 ‚
1114 2794 1119 2814 ‘

245 2881 404 2950 Consedit
421 2883 453 2950 in
475 2881 559 2952 valle
575 2883 717 2980 virgulta
735 2907 982 2978 nemorosaque.
997 2881 1101 2952 Idem.

244 2985 416 3056 Paululum
436 2991 591 3082 requietis
608 2976 806 3060 militibus⁷⁶.
827 2991 932 3061 Idem.

194 3217 328 3285 agitavisse.
337 3214 383 3267 Nil
395 3213 507 3268 dubiam
519 3218 584 3288 quin
597 3215 631 3270 de
640 3217 699 3270 Ser·
786 3217 828 3287 75.
845 3217 917 3270 Cultu
928 3221 1033 3288 corporis
1046 3228 1132 3268 ornata
1145 3217 1249 3285 egregio.

194 3295 263 3347 torio
275 3307 381 3366 agatur,
392 3296 420 3348 in
434 3295 591 3350 Fortunatas
602 3297 701 3350 insutu
744 3297 785 3349 De
798 3297 888 3349 Precia
904 3296 1036 3367 loquitur,
1046 3313 1094 3366 per
1107 3311 1186 3366 quam
1200 3295 1252 3346 Lu·

195 3375 283 3445 sugam
299 3373 459 3441 meditatim
476 3374 539 3429 ride
558 3395 616 3448 sup.
630 3395 658 3429 u.
677 3393 699 3429 r.
744 3376 828 3428 collus
837 3376 974 3428 tribunam
981 3376 1126 3445 Cethegum
1134 3374 1184 3426 sibi
1191 3391 1253 3426 con·

236 3460 281 3526 74.
296 3455 700 3527 Htrmrqot,ere.1ocusoor-
744 3454 860 3520 ciliavit,
881 3468 912 3507 ut
932 3453 1118 3526 coadjuvante
1136 3451 1191 3504 dux
1206 3451 1252 3504 ad-

194 3545 302 3605 reptus.
316 3547 345 3586 et
356 3533 512 3588 undehaud
526 3536 602 3589 facile
614 3549 701 3589 certus
744 3550 834 3588 versus
847 3529 1030 3588 Mithridatem
1046 3545 1187 3586 crearetur.
1211 3533 1253 3584 Do

112 3639 116 3644 ¹
195 3631 285 3667 senam
303 3627 430 3680 eruatur3
447 3627 477 3667 ut
492 3616 581 3688 plures
594 3635 610 3668 e
627 3633 700 3687 seqq.
744 3615 789 3668 Br.
804 3631 856 3680 tn,
877 3619 921 3668 16.

195 3723 234 3734 -
250 3695 357 3764 Tagum.
376 3695 416 3745 De
427 3695 529 3764 Bntr,
546 3715 594 3754 aa,
609 3695 701 3766 legisse
785 3698 832 3764 76.
854 3695 974 3768 Requietir
995 3691 1116 3745 militibus.
1135 3690 1252 3744 Rarioris

194 3771 298 3826 videtur
316 3774 415 3843 Tagum·
430 3773 502 3846 quod
520 3773 620 3830 flumen
636 3773 701 3827 dum
744 3791 806 3826 usus
819 3775 952 3846 particip,
966 3772 1037 3846 quod
1049 3787 1136 3827 tamen
1150 3783 1177 3823 et
1188 3771 1250 3823 alibi

195 3864 356 3910 tramantare
366 3854 497 3908 niteretur
505 3855 589 3908 victus
600 3874 614 3908 a
625 3854 701 3908 Pom·
744 3854 888 3908 invenitur.
901 3853 981 3908 Ovid.
993 3855 1049 3906 Art.
1062 3851 1229 3920 Am.1r,351
1245 3869 1251 3903 :

195 3933 256 4002 prio
268 3933 419 4005 Perpenna,
432 3935 520 3987 subito
532 3933 700 3988 ratmundus
744 3938 861 4006 requietus
882 3954 948 4005 aper.
970 3935 1073 3989 Colum.
1090 3932 1197 3996 rn,8:
1215 3931 1255 3983 lac

195 4011 390 4077 intumescere,
414 4012 447 4065 ad
469 4014 588 4068 relictam
613 4015 700 4087 ripam
744 4013 1046 4086 requietum.1dem,rr,
1069 4031 1081 4066 r
1103 4031 1110 4066 :
1131 4024 1195 4064 terra
1216 4031 1254 4062 re·

194 4093 483 4165 meaviuubierprus
493 4091 606 4161 est3rid.
615 4113 642 4148 n.
652 4095 698 4149 to.
745 4097 852 4165 quietior.
