2910 4666
188 367 189 370 κ
263 269 336 404 iss
650 331 926 400 simusrn

260 465 438 550 exercitus,
463 461 504 532 ad
529 461 613 550 hoe,
642 462 779 532 colonien
803 478 959 532 veterum.
984 461 1144 552 militum,
1171 467 1322 540 nobilitas

261 573 388 658 omnis,
418 567 520 638 duces
548 572 692 664 optumi3
722 570 857 638 fortune
880 570 1031 641 meliores
1060 574 1235 668 sequitur:
1255 575 1322 670 jam

260 675 333 764 illa,
351 700 423 770 quse
440 674 577 745 collecte
592 691 669 746 sunt
686 675 834 745 secordia
847 691 976 763 nostra,
995 677 1191 748 dilabenter.
1210 682 1323 769 Quare

261 785 308 850 ito
324 807 443 850 censeo
465 809 472 850 :
492 784 648 878 quoniam
668 782 814 877 Lepidus
835 785 1015 852 exercitum
1037 787 1167 879 privato
1186 787 1321 856 consilio

262 903 433 984 paratum,
457 913 532 958 cum
559 891 720 984 pessumis
745 903 778 958 et
799 889 949 959 hostibus
980 891 1185 985 reipublice,
1206 909 1321 962 contra

262 995 361 1088 hujus
385 995 510 1064 ordinis
537 997 767 1064 auctoritatem
792 995 835 1064 ad
855 997 971 1066 urbem
1000 997 1108 1085 ducit;
1132 1013 1170 1066 ut
1197 1001 1321 1094 Appius

262 1101 419 1172 Claudius
434 1103 576 1170 interrex
586 1098 609 1125 ²¹
626 1127 702 1170 cum
714 1103 757 1190 Q.
771 1101 892 1171 Catulo
909 1102 1124 1198 proconsule,
1137 1119 1171 1174 et
1188 1109 1321 1192 ceteris,

223 1291 226 1299 .
253 1208 379 1302 ¹quibus
389 1209 566 1302 imperium
578 1221 644 1294 est,
661 1187 735 1275 urbi
753 1208 1004 1302 praesidiosint,
1015 1211 1321 1305 operamquedent,

261 1340 303 1384 ue
324 1313 403 1409 quid
418 1313 602 1409 respublica
615 1313 804 1384 detrimenti
824 1318 942 1411 capiat.
957 1345 974 1382 n

311 1422 370 1489 Uti
391 1421 536 1514 Lepidus
557 1435 591 1488 et
610 1419 764 1507 Catulus,
788 1421 927 1490 decretis
953 1423 1169 1511 exercitibus,
1191 1438 1320 1492 matur-

261 1552 354 1596 rume
370 1524 686 1620 proficiscerentur¹.
714 1527 901 1614 Charisius,
927 1528 998 1597 Lib.
1022 1530 1085 1597 111.

314 1635 361 1700 M.
387 1631 513 1726 Lepido
532 1657 608 1702 cum
624 1633 778 1702 omnibus
797 1637 899 1728 copiis
919 1633 1014 1704 Italia
1040 1633 1166 1730 puls'o²‚
1191 1639 1321 1730 segnior

260 1763 366 1833 neque
387 1740 496 1808 minus
511 1740 641 1834 gravis,
655 1737 712 1808 sed
725 1737 896 1834 multiplex
910 1765 990 1809 curo
1006 1756 1116 1836 patres
1137 1743 1319 1812 exercebat.

259 1849 402 1918 senno.
419 1849 557 1914 Montis
580 1849 775 1915 Victorinus
792 1853 828 1915 in
849 1848 1049 1917 Ciceronem.

312 1953 456 2020 Obviam
478 1953 543 2040 ire,
564 1966 598 2019 et
623 1954 785 2021 commori
806 1952 964 2023 hostibus.
987 1957 1152 2023 Arusinis.
1174 1957 1318 2024 Messeis.

313 2056 457 2154 Lepidus
478 2058 640 2153 poenitens
662 2057 796 2126 consilii.
822 2060 954 2128 Charis.
977 2059 1048 2128 Lib.
1067 2063 1130 2130 III.

311 2167 366 2234 Sic
378 2189 458 2233 vero
473 2166 565 2259 quasi
580 2164 755 2233 formidine
768 2168 942 2252 attonitus,
955 2168 1199 2260 nequeenim,
1213 2191 1320 2262 neque

262 2271 395 2340 auribus
415 2269 603 2366 autlingua
623 2257 840 2364 competere³.
862 2275 1019 2341 Nonius:
1042 2275 1254 2374 Competere,
1273 2281 1324 2344 rei

258 2379 419 2472 expiesque
436 2383 635 2463 meminisse,
657 2392 721 2445 aut
738 2393 936 2448 constanter
955 2379 1081 2450 valere.

260 2567 393 2633 ingenium,
408 2581 458 2634 pro
474 2563 554 2614 animo
568 2561 657 2632 posuit
672 2561 769 2614 saltos·
810 2563 924 2624 Brosses,
941 2563 1070 2624 Hastam,
1087 2575 1136 2616 etc.
1152 2580 1185 2627 1,
1203 2562 1237 2615 51
1250 2581 1259 2630 ς
1274 2564 1319 2634 qni

260 2643 388 2712 tiustug.
396 2641 768 2695 LX111:·1ninterartesb0-
811 2659 910 2696 ennum
928 2655 1050 2696 numeret
1065 2645 1131 2712 676.
1151 2640 1205 2696 Sed
1223 2641 1258 2696 de
1272 2643 1319 2696 hac

259 2741 306 2774 nes
319 2722 451 2791 integrum
462 2724 581 2790 ingenium
591 2721 667 2773 brevi
679 2717 768 2772 odole-
811 2720 961 2776 differentia
975 2719 1028 2775 vid.
1041 2741 1141 2794 supp.
1158 2723 1224 2776 123.

260 2803 308 2855 vit.
320 2827 331 2848 ι
342 2801 526 2854 Ιῑ.Ι.ΧΧΧΠ;
536 2799 589 2852 Atii
596 2800 697 2852 bonum
703 2803 769 2868 inge·
853 2819 875 2854 1.
896 2802 940 2854 Uti
953 2802 1059 2872 Lepidus
1073 2814 1097 2854 et
1109 2801 1250 2856 Catum...
1260 2821 1318 2872 pro·

251 2885 323 2934 ‚nium
333 2897 468 2933 accensum
481 2878 674 2932 esse-Frustra
686 2879 768 2949 igitur
803 2879 976 2950 ſsciseerentm·.
991 2882 1030 2936 Ex
1039 2881 1094 2947 his,
1105 2899 1164 2952 quoe
1178 2879 1319 2935 dictasunt

259 2961 312 3014 huc
322 2957 458 3012 intrudere
468 2959 768 3029 volunt,imperium.-
810 2959 843 3014 ad
866 2961 1030 3032 superiorem
1053 2963 1216 3024 orationem,
1230 2981 1257 3014 n.
1284 2979 1318 3027 1,

259 3040 342 3093 Novus
351 3042 475 3092 exercitus.
483 3039 583 3092 Recens
592 3035 766 3109 conscriptus.
810 3053 882 3112 patet
905 3041 957 3093 hoc
979 3041 1157 3111 fragmentum
1179 3053 1241 3095 aute
1259 3060 1317 3096 ora·

260 3119 417 3172 -Colom'oe
425 3131 531 3170 veterum
540 3118 768 3174 metumveeres
811 3120 911 3173 tionem
927 3121 991 3191 poni
1006 3119 1136 3174 debuisse.
1214 3120 1216 3122 ’

260 3199 357 3252 milites
366 3218 398 3252 ex
407 3198 518 3253 coloniis
529 3198 650 3269 Syllanis.
661 3229 700 3242 ι-
709 3197 767 3249 lam
853 3219 878 3252 ι.
896 3201 934 3254 Μ.
949 3201 1077 3271 Lepidm...
1090 3201 1164 3254 Italia
1172 3201 1252 3271 pube.
1265 3202 1316 3266 Qui

260 3281 378 3352 illa,quoe
386 3279 485 3332 collecta
493 3290 550 3332 sunt
558 3278 665 3330 secordia
676 3289 766 3331 nostra.
809 3279 870 3332 linis
892 3279 944 3332 fuit
964 3280 1044 3352 hujus
1061 3281 1133 3334 belli.
1148 3279 1219 3334 Vide
1246 3281 1317 3334 Flor.

260 3361 338 3412 Vires
350 3377 415 3431 ques
430 3353 480 3412 sibi
493 3378 541 3432 per
558 3373 662 3413 senatus
677 3375 766 3410 socor-
811 3377 862 3424 ιιι,
881 3359 927 3412 23.
945 3391 986 3404 -
1003 3359 1144 3429 segma...
1167 3380 1234 3414 cum.
1249 3360 1317 3426 Quis
1400 3385 1404 3388 ·

259 3439 328 3493 diem
335 3437 765 3510 Ieppmrimbrevidilebentur.
809 3457 863 3491 non
875 3441 930 3508 jem
941 3438 991 3510 ipsi
1004 3440 1065 3494 urbi
1080 3439 1237 3494 imminebat
1247 3441 1317 3512 peri·

302 3537 346 3574 αι.
362 3519 457 3589 Appius
471 3519 588 3572 Claudius
599 3524 711 3572 interne.
726 3519 766 3568 De
809 3518 914 3582 culum,
926 3519 1045 3590 quamvis
1056 3537 1134 3590 greve
1144 3533 1171 3572 et
1180 3521 1318 3592 multiplex

260 3605 377 3670 interrege
399 3597 460 3650 vide
480 3599 539 3652 Liv.
554 3617 581 3662 1,
603 3618 653 3669 17,
668 3609 694 3650 et
715 3614 766 3662 ιιι,
809 3611 884 3652 esset.
894 3597 952 3652 Hoc
964 3599 1097 3669 precipue
1109 3599 1202 3652 referri
1212 3599 1317 3654 videtur

261 3681 306 3733 55.
325 3679 388 3732 Haec
410 3679 495 3730 oratio
517 3678 607 3730 habite
632 3689 672 3730 est
696 3693 766 3728 enno
809 3676 842 3730 ad
857 3677 1068 3732 Mithridaticum
1086 3678 1318 3752 Sertorianumque

260 3763 328 3830 677,
337 3761 406 3812 circa
413 3757 527 3830 januarii
535 3757 691 3827 finemquo
702 3769 767 3808 tem·
808 3758 917 3810 bellum.

257 3836 766 3910 pore,nondumcreatisilliusannicou·
850 3839 877 3892 3.
899 3838 982 3910 Neque
1004 3840 1102 3896 animo,
1126 3857 1201 3910 neque
1220 3839 1317 3898 noetus

257 3917 375 3982 nulibus,
390 3917 493 3990 Appius
510 3915 636 3970 Claudius
650 3916 766 3968 interrex
809 3919 953 3988 autlingua
965 3930 1101 3988 competere.
1121 3916 1258 3988 competere
1280 3929 1318 3970 est

255 4011 319 4051 erat.
339 3995 402 4051 Vid.
423 4016 481 4069 sup.
501 4017 530 4050 n.
556 4015 608 4063 ιη
635 3997 698 4049 item
725 3997 766 4048 De
809 4016 958 4066 congr-reete,
977 4002 1123 4060 conicum
1144 4010 1171 4051 et
1190 3999 1319 4070 quidm
