2938 4654
545 460 565 524 J
574 458 846 527 UGURTHA.
1170 485 1246 558 '²²7

186 609 205 654 a
229 610 296 680 quo
320 587 436 657 aberat
456 613 552 660 mons
579 589 683 660 ferme
711 587 813 660 miIIia
835 613 993 684 passuum
1017 592 1085 660 XX
1096 589 1119 681 ²,
1142 606 1250 664 tractu

186 695 259 788 pari
269 679 293 779 ³,
315 710 427 765 vastus
453 696 495 764 ab
522 711 639 766 natura
669 711 703 766 et
731 697 878 769 humano
909 694 1029 766 cultu:
1055 697 1113 767 sed
1144 725 1184 768 ex
1210 727 1249 771 eo

187 787 320 869 mediol
338 805 431 896 quasi
455 801 547 874 collis
571 803 755 890 oriebatur,
776 805 810 872 in
836 805 1034 875 immensum
1065 807 1252 900 pertinens,

187 909 325 976 restitus
343 907 486 978 oleastro
502 936 540 980 ac
558 911 716 999 mutetis,
730 909 866 1004 aliisque
883 911 1057 1004 generibus
1075 912 1251 1004 arborum,

187 1038 259 1107 qnae
274 1014 367 1084 humi
385 1015 478 1086 arido
498 1032 597 1111 atque
616 1003 774 1088 arenoso⁵
797 1019 986 1112 gignuntur.
1009 1017 1122 1088 Media
1139 1035 1251 1091 autern

188 1119 339 1215 planities
354 1121 506 1212 deserta,
528 1126 666 1219 penuria
688 1150 798 1219 aquae,
816 1139 936 1218 praeter
958 1123 1087 1196 flumini
1110 1128 1251 1221 propin·

187 1251 253 1321 qua
270 1226 365 1298 loca:
382 1255 421 1298 ea
436 1233 563 1302 consita
577 1231 720 1302 arbustis
735 1255 855 1326 pecore
872 1245 970 1326 utque
986 1229 1168 1301 cultoribus
1182 1233 1251 1303 Ire·

186 1335 442 1428 quentabantur.

240 1443 365 1512 XLIX.
393 1444 502 1538 Igitur
518 1446 553 1520 in
571 1469 612 1514 eo
634 1443 739 1532 nolle,
763 1469 865 1538 qrrem
895 1459 1086 1514 transvorso
1117 1443 1250 1514 itinere¹

230 1644 255 1676 a.
272 1625 355 1678 Miltia
371 1645 487 1696 passum
498 1646 540 1680 xx.
555 1627 621 1693 Quae
637 1645 699 1680 con·
742 1623 816 1698 quod
832 1637 870 1679 est
886 1625 985 1679 flumen
1001 1626 1072 1678 inter
1086 1638 1112 1679 et
1126 1639 1253 1682 montem.

187 1702 305 1770 lieiunt,
329 1705 423 1776 gallico
450 1719 524 1758 metro
553 1707 698 1773 astitum,
742 1706 882 1773 Melius,e
903 1707 979 1758 medio
1001 1717 1092 1771 moute,
1107 1705 1255 1760 dummodo

193 1785 287 1846 14830
301 1791 383 1848 tobes,
396 1785 416 1838 i.
427 1805 451 1838 e.
463 1799 564 1858 septeni
576 1787 631 1840 lere
642 1788 698 1840 leu-
741 1804 797 1840 non
811 1786 942 1858 intelligas
954 1785 1069 1840 medium
1084 1788 1182 1842 montis
1196 1787 1255 1840 alti·

190 1881 246 1930 cas;
259 1860 301 1924 (r.
317 1865 412 1928 Adam,
427 1866 489 1922 Ant.
505 1887 557 1920 rom
567 1865 585 1932 ).
602 1867 700 1922 Existi·
742 1865 883 1930 udinem,
902 1865 976 1938 quod
1001 1865 1145 1922 absurdum
1172 1867 1254 1934 loret5

189 1957 262 1998 mant
283 1945 373 2011 multi,
389 1945 416 1998 in
435 1946 534 2020 ,quibus
556 1947 699 2013 Debrosses,
742 1944 1255 2018 nequedimidiumlongitudinis,quam

188 2023 291 2095 lapsum
303 2043 358 2078 esse
367 2026 505 2078 librarium
521 2027 549 2078 in
561 2025 630 2079 notis
641 2045 699 2098 quae
742 2024 865 2078 videlicet
873 2023 1033 2097 decempeda
1040 2045 1095 2078 non
1102 2045 1255 2096 permensus

188 2121 330 2159 numerruu
345 2103 463 2161 indicent
478 2124 485 2160 :
501 2105 611 2160 difficile
628 2106 700 2159 enim
743 2117 783 2158 est
794 2117 901 2170 aneton
917 2103 963 2158 sed
978 2107 1067 2158 locum
1082 2106 1256 2176 quemlibst'e

189 2202 244 2237 esse
259 2185 403 2250 Iluu'lium,
420 2205 475 2238 uuo
493 2184 553 2252 die,
568 2187 700 2242 transiisse
743 2184 824 2238 latere
836 2185 934 2238 montis
948 2183 981 2238 ad
996 2183 1256 2257 flumenverso.1gi·

189 2277 325 2330 montem,
346 2266 440 2336 viginti
466 2266 549 2319 millia
574 2285 700 2336 passuum
744 2277 787 2316 tur
803 2283 878 2316 exeo
894 2265 992 2316 montis
1001 2265 1082 2316 latere
1096 2264 1203 2316 initium
1212 2285 1254 2318 oa·

189 2361 325 2397 emensum
342 2364 408 2408 esse,
427 2358 509 2398 castro
528 2346 658 2416 posuisse,
674 2359 701 2399 et
742 2344 994 2416 piebatqnasicollis,
1004 2345 1021 2396 i.
1031 2363 1053 2396 e.
1063 2345 1257 2400 locusincollia

188 2443 250 2478 carm
265 2425 412 2480 Bomilcare
426 2445 570 2497 pugnasse,
586 2439 616 2480 ut
627 2425 699 2480 dice·
743 2422 854 2478 modum
864 2422 966 2488 editus,
981 2425 1028 2495 qui
1039 2436 1152 2476 amunte
1161 2423 1194 2476 ad
1203 2423 1254 2477 flu·

190 2506 289 2558 turinf.
297 2506 371 2559 LIII.
381 2505 628 2577 Respondetautem
636 2506 701 2558 Cor·
743 2523 804 2558 men
818 2516 888 2556 recta
899 2503 1045 2576 procedens
1058 2505 1087 2556 in
1096 2503 1255 2560 immensum

190 2585 257 2650 tius,
269 2603 303 2637 ex
310 2585 404 2656 Veget.
415 2605 439 2651 r,
451 2605 484 2655 9,
499 2587 606 2640 militari
616 2583 700 2657 gradu
741 2585 934 2656 porrigebatur.
1259 2577 1261 2586 ⁴

190 2683 223 2716 xx
240 2665 323 2716 millia
338 2683 478 2736 passuum,
494 2666 567 2718 lroris
582 2667 700 2738 quinque
785 2665 810 2717 5.
830 2665 908 2716 Humi
925 2663 995 2714 arado
1010 2675 1081 2736 atqie
1098 2683 1204 2718 venosa.
1221 2665 1254 2718 In

189 2741 318 2799 duntaxat
326 2746 420 2798 estivis
430 2742 441 2807 (
450 2764 509 2818 quae
518 2746 649 2817 longiores
658 2745 699 2798 hi·
742 2763 772 2796 ea
788 2758 880 2816 parte,
895 2745 936 2796 vel
952 2749 977 2797 in
992 2763 1020 2794 eo
1033 2744 1110 2806 lumi,
1128 2744 1193 2813 quod
1203 2745 1255 2798 ari·

189 2823 279 2878 bernis
297 2822 375 2888 sunt)
388 2825 497 2892 conten
513 2845 568 2878 non
588 2825 700 2898 amplius
742 2823 808 2876 dum
824 2837 850 2877 et
870 2842 1010 2876 arenosum
1026 2835 1072 2876 est.
1088 2823 1129 2876 Ita
1143 2822 1255 2892 dicitur,

190 2921 252 2975 ergo
267 2903 416 2959 mirandam
431 2925 486 2958 esse
502 2906 594 2959 Rutilii
607 2907 699 2959 celeri·
743 2903 821 2956 ardua
832 2907 959 2970 montium,
973 2923 1048 2975 opaca
1059 2907 1153 2956 uiarum
1162 2899 1254 2976 (Virg.

190 2995 283 3049 tatem,
293 2986 341 3056 qui
347 2987 492 3058 praesertim
501 3005 562 3038 eum
572 2985 700 3058 expeditis
742 2987 804 3038 AEn.
823 3003 868 3050 vr,
885 2985 941 3038 633
954 2983 979 3048 );
994 2983 1086 3036 lubrico
1104 2989 1154 3035 vice
1168 2979 1178 3046 (
1192 2985 1254 3038 Tac.

189 3064 344 3119 cohortibus
366 3078 392 3118 et
412 3067 531 3138 equitatu
551 3067 700 3138 premissus
742 3063 811 3118 Hist.
827 3083 871 3130 11,
887 3066 922 3118 88
939 3061 959 3128 ).
980 3063 1146 3134 Subintelligi
1168 3076 1256 3136 potest

190 3143 373 3200 fuisset.Adde
383 3147 478 3198 remin
489 3159 609 3212 noctem,
619 3145 700 3216 idque
742 3146 808 3207 solo,
826 3157 856 3198 ut
871 3145 929 3196 vult
948 3143 1088 3215 Scioppius
1108 3141 1141 3196 sd
1157 3145 1256 3202 Sanctii

191 3226 280 3278 aestivo
296 3239 430 3298 tempore,
442 3239 602 3298 protractam
611 3227 699 3280 luisse.
743 3223 955 3289 Minerv.1v,4.
977 3221 1029 3276 Sed
1048 3242 1081 3275 ne
1096 3221 1125 3276 id
1146 3221 1255 3296 quidem

190 3303 296 3358 iudicet
306 3306 389 3358 lector
403 3307 441 3359 rei
457 3307 578 3362 militaris
590 3307 698 3379 peritus.
742 3305 919 3358 necessarium
929 3314 983 3368 est,
991 3321 1074 3372 quum
1083 3301 1254 3373 adjectivum,

231 3387 258 3438 3.
276 3385 367 3438 Tracta
371 3390 437 3457 pari.
450 3386 491 3439 Sc.
505 3407 581 3439 mons
593 3387 621 3438 in
633 3405 700 3440 eam·
742 3385 772 3437 in
778 3383 891 3436 neutrali
901 3400 996 3453 genere
1008 3382 1133 3452 positum,
1143 3401 1198 3434 non
1207 3383 1257 3434 mi·

190 3461 250 3518 dem
262 3479 366 3537 partem
380 3465 582 3530 extendebatur,
592 3485 643 3538 qua
652 3465 701 3518 flu·
743 3481 793 3515 uus
812 3474 945 3536 apertam,
962 3473 988 3512 et
1008 3461 1087 3512 latius
1104 3473 1255 3533 patentem,

192 3561 250 3598 men
260 3545 433 3611 discurrebam
447 3547 517 3612 sive,
530 3565 606 3599 mons
615 3559 641 3600 et
652 3545 700 3598 llu-
744 3561 823 3614 quam
838 3541 1030 3594 substantivum
1045 3539 1196 3612 quodlibet,
1210 3559 1258 3593 no·

192 3625 248 3679 rius
262 3625 333 3678 inter
342 3646 369 3680 se
374 3625 489 3696 paralleli
498 3640 581 3680 erant.
590 3658 629 3669 -
638 3627 702 3678 Vos·
744 3623 844 3676 tionem
861 3621 990 3674 exhibeat.
1002 3619 1162 3672 -Media...
1173 3619 1257 3692 plani.

192 3716 236 3758 tus.
246 3705 355 3760 Vacuus
369 3718 395 3758 et
409 3705 604 3760 nudus-Ab
615 3717 702 3760 notrum
745 3708 796 3755 tr'es.
811 3701 937 3756 Planities
952 3719 1011 3773 quae
1025 3699 1094 3752 inter
1109 3712 1228 3752 montem
1243 3720 1258 3752 a

191 3796 215 3834 et
229 3786 332 3837 humano
345 3787 418 3840 cultu.
434 3785 514 3852 Quod
531 3785 563 3838 ad
580 3801 702 3838 natinam
744 3795 834 3854 tergo,
846 3781 941 3835 collem
953 3801 968 3834 a
981 3777 1088 3848 dextra,
1104 3793 1130 3832 et
1144 3777 1257 3834 flurium

191 3877 216 3916 et
228 3864 261 3917 ad
273 3866 405 3918 culturam
419 3867 519 3919 attinet.
530 3867 573 3918 Sic
585 3867 640 3920 Cic.
650 3867 701 3936 Ep.
745 3882 760 3915 a
775 3861 862 3915 lronte
878 3859 1037 3916 extenditur.

192 3963 223 4011 x,
242 3947 295 4011 15,
310 3945 341 3996 ab
359 3951 466 4019 equitatu
474 3945 569 4016 firmus.
785 3943 850 3996 Car.
864 3942 963 3994 XLIX.
975 3959 999 3993 1.
1015 3941 1161 3992 Transverso
1174 3943 1257 3998 itinere

231 4032 256 4088 4.
279 4027 325 4078 Es
340 4047 367 4078 eo
381 4027 464 4079 medio.
481 4027 540 4078 Hoc
555 4027 594 4080 De
603 4025 703 4077 Bressos
745 4035 887 4096 porrectum.
902 4021 1085 4073 Transversim
1097 4038 1111 4071 a
1124 4033 1215 4073 moute
1227 4019 1260 4073 ad

195 4102 400 4179 interpretatur,
413 4126 443 4158 ea
462 4107 540 4158 medio
557 4107 600 4158 illo
613 4107 702 4175 spatio,
748 4101 846 4156 flumen
861 4113 1077 4171 procurrentem,
1090 4097 1261 4172 mediumque

991 4203 1058 4278 15²
