2916 4630
578 327 837 398 carmini.
1186 319 1259 421 ‚57-
1349 343 1353 352 ·

180 486 293 534 reram
326 460 407 532 licet
433 467 610 556 cognoscas
621 447 643 529 ⁶.
679 461 810 555 lnjuriis
837 455 1106 552 contumeliisque
1134 462 1243 529 conci·

180 583 283 660 tanis,
306 569 400 664 quod
421 567 538 640 lructu
558 566 679 638 laboris
705 567 936 661 industriosque
963 589 1045 634 mear
1063 566 1210 660 privatus
1219 567 1245 655 ⁷,

181 690 312 746 statum-
331 675 499 770 dignitatis
526 700 593 745 non
621 673 808 744 obtinebam
822 659 844 761 ³,
863 671 1028 768 publicam
1049 673 1245 743 miserorum
1357 715 1361 718 -

180 805 350 870 caussam,
375 807 438 876 pro
466 806 539 852 mea
565 780 822 867 consuetudine,
843 780 990 874 suscepi;
1012 803 1080 848 non
1102 781 1180 873 quin
1203 804 1247 848 aes

181 887 328 956 alienum
349 889 430 958 meis
452 887 663 958 nominibus⁹
684 913 724 956 ex
746 887 1002 982 possessionibus
1024 885 1246 982 solverepos·

184 1018 273 1081 sem,
285 1018 384 1088 quum
401 993 513 1090 alienis¹
529 991 748 1064 nominibus¹⁰
758 991 932 1062 liberalitas
949 992 1110 1062 Orestillae
1127 995 1192 1063 suis
1208 993 1246 1062 fl·

185 1095 302 1194 liaeque
320 1102 421 1196 copiis
438 1100 661 1196 persolveret3
675 1101 732 1170 sed
749 1099 837 1195 quod
850 1125 918 1168 non
933 1099 1049 1194 dignos
1066 1098 1245 1168 homines¹¹

184 1203 314 1275 honore
335 1206 525 1278 honestatos
546 1208 715 1296 videbam,
733 1231 851 1337 meopte
869 1204 950 1276 salsa
972 1207 1154 1300 suspicione
1176 1205 1249 1274 alie

185 1309 332 1382 natum¹²
347 1314 534 1386 sentiebam.
558 1317 631 1384 Hoc
653 1312 802 1384 nomine¹
833 1314 910 1382 satis
928 1313 1082 1382 honestas
1096 1337 1158 1406 pro
1173 1337 1249 1381 mco

183 1442 262 1488 casu
271 1405 295 1449 ¹⁴
307 1444 382 1514 spes
395 1419 526 1515 reliqua
536 1419 702 1516 dignitatis
715 1418 947 1490 conservandae
960 1443 1033 1488 sum
1050 1432 1206 1512 sequutus
1214 1405 1248 1486 ¹⁵.

183 1522 283 1592 Plura
298 1551 403 1620 quum
426 1527 567 1600 scribere
582 1527 718 1615 vellem,
734 1528 925 1596 nunciatum
938 1541 989 1596 est
1009 1526 1077 1594 vim
1093 1525 1173 1594 mibi
1191 1549 1249 1619 pa·

183 1631 258 1698 rari.
271 1633 373 1701 Nunc
384 1632 573 1704 Orestillam
589 1633 785 1704 commendo
802 1647 931 1728 tuaeque
950 1631 1026 1702 fidei
1042 1630 1146 1700 trado.
1165 1633 1248 1700 Eam

184 1727 360 1830 ab'injuria
378 1725 550 1828 defendas,
566 1765 626 1834 per
643 1738 762 1809 liberos
784 1754 858 1809 tuos
873 1754 1016 1835 rogatus.
1038 1741 1167 1808 Haveto
1180 1722 1213 1806 ¹⁶.
1228 1767 1246 1804 o

184 1925 273 1980 innuit
285 1944 340 1980 esse
351 1924 454 1981 Sancum
464 1925 592 1980 obSabioo
600 1927 692 1997 lingna,
740 1930 801 1980 miae
812 1928 938 1999 inscripta
950 1941 1026 1994 sunt,
1045 1940 1072 1982 et
1092 1947 1107 1981 a
1126 1947 1170 1982 me
1191 1929 1249 2001 ipso

186 2005 313 2058 Her-colera
332 2027 348 2057 o
366 2025 465 2077 gratem·
483 2007 520 2060 ita
539 2019 569 2060 ut
588 2027 623 2058 me
642 2007 696 2059 dites
739 2004 836 2060 debita.

180 2083 260 2160 fidius
271 2084 339 2139 idem
347 2105 457 2158 prorsus
462 2087 496 2140 sit
504 2105 534 2140 ac
541 2107 576 2138 me
583 2087 695 2140 hercules.
783 2104 824 2138 ro.
840 2086 936 2139 Alienis
946 2086 1085 2139 nominibm.
1099 2087 1137 2139 Eo
1147 2105 1206 2158 qua
1215 2090 1250 2141 ab

187 2164 276 2236 Atque
290 2167 324 2218 ob
343 2165 370 2219 id
386 2167 475 2239 ipsum
493 2167 570 2220 Festo
591 2165 697 2222 videtur
740 2163 893 2218 aliisdebitn
907 2177 978 2218 snat.
994 2165 1090 2218 Sensus
1105 2167 1186 2219 totius
1197 2167 1250 2222 loci

187 2243 241 2296 dius
255 2263 310 2298 esse
325 2247 400 2318 quasi
419 2248 472 2308 Διός
487 2241 697 2318 (Jovisl;s1dim
740 2257 795 2298 est:
808 2263 863 2297 non
885 2242 946 2298 ideo
966 2244 1124 2300 miserorum
1145 2263 1250 2300 canum
1345 2259 1347 2266 ·

188 2325 260 2394 qnasi
269 2325 368 2397 filliis,
386 2328 411 2380 D
429 2345 480 2398 pro
494 2325 526 2380 L.
542 2324 594 2380 Sed
614 2327 696 2394 male,
739 2323 939 2396 suscepi,quod
948 2325 1003 2396 ipse
1012 2323 1096 2378 nimio
1106 2342 1156 2378 sere
1163 2325 1250 2379 alieno

188 2415 219 2456 nt
232 2419 302 2475 patet
313 2425 345 2459 ex
360 2404 574 2460 antecedentibus
589 2419 615 2459 et
628 2425 696 2478 pra·
739 2422 880 2477 oppressus
894 2404 953 2459 sim.
966 2405 1025 2457 Iino
1048 2417 1074 2456 et
1094 2423 1152 2457 rnen
1167 2405 1250 2476 ipsius

188 2485 277 2536 sertim
291 2504 325 2538 ex
339 2487 462 2538 Plautino
477 2487 606 2558 exemplo.
740 2483 828 2538 debita
842 2503 875 2538 ex
895 2484 961 2538 meis
975 2484 1182 2557 possessionibus
1197 2486 1250 2538 sol·

227 2567 255 2617 6.
265 2565 355 2617 Vernos
370 2567 426 2618 licet
436 2585 572 2636 cognoscas.
584 2565 659 2619 Licet
671 2578 697 2620 te
739 2583 801 2618 vere
821 2583 946 2637 possum3
965 2577 992 2618 et
1011 2565 1125 2618 olionrm
1145 2563 1248 2633 debita,

187 2642 259 2696 illam
273 2645 477 2699 satisfactionem
496 2665 585 2700 veram
604 2663 697 2716 agnos-
739 2663 790 2717 pro
804 2645 901 2717 qrribns
912 2663 1008 2717 nempe
1020 2664 1106 2698 meam
1119 2643 1198 2700 fldem
1212 2646 1251 2698 in·

186 2741 254 2776 cere.
263 2721 370 2779 Servius
382 2726 410 2778 in
423 2728 484 2779 AEn.
492 2745 531 2790 η,
543 2732 597 2789 ²04
606 2763 615 2791 ‚
625 2725 698 2778 hunc
741 2725 873 2797 terposui,
884 2725 1023 2792 Orestilla,
1035 2745 1093 2779 mea
1103 2744 1183 2792 uxor,
1196 2726 1250 2778 sais

186 2801 276 2856 locum
290 2803 353 2858 citat
366 2805 409 2858 his
420 2805 526 2859 verbis:
541 2825 594 2878 quie
607 2805 697 2857 medius
740 2816 767 2858 et
781 2805 841 2858 lilia
856 2823 910 2859 sua
923 2805 1007 2878 copiis
1021 2805 1155 2878 persolvit.
1229 2855 1235 2868 ,

182 2879 260 2951 fidiae
274 2904 333 2936 vera
349 2885 405 2936 licet
425 2905 512 2936 mecum
534 2904 696 2956 recognoscas.
783 2902 828 2938 11.
841 2884 900 2938 Non
912 2886 998 2956 dignos
1012 2886 1124 2939 lomim.
1142 2885 1249 2942 Cicero·

187 2960 239 3015 Sed
251 2963 340 3017 forsan
351 2964 380 3017 in
392 2963 484 3018 Servio
496 2965 630 3020 memorio
642 2965 698 3037 lap·
739 2983 801 3018 nem
815 2976 905 3031 notat,
916 2965 1052 3018 bominem
1067 2985 1174 3018 novum.

188 3059 231 3096 sus
244 3057 291 3098 est.
783 3063 827 3098 ra.
849 3045 997 3100 Artemam.
1020 3047 1162 3098 Remotum
1184 3057 1211 3120 ‘l
1235 3063 1250 3097 a

229 3141 255 3193 7.
273 3123 522 3196 Frroetn....privatns.
536 3125 652 3196 Respicit
663 3121 697 3178 ad
740 3143 786 3196 spe
799 3125 950 3178 consulatus
961 3123 1110 3196 depulsum.

188 3203 354 3256 consulatum
368 3223 448 3276 quem
467 3205 562 3258 frustra
576 3206 695 3276 petierat.
783 3205 827 3257 13.
837 3204 894 3256 Hoc
901 3208 1001 3258 mine.
1013 3204 1079 3262 Eam
1090 3206 1126 3257 ob
1135 3223 1248 3258 cansam.

229 3281 357 3336 &Samio
364 3283 489 3354 dignitatis
499 3304 546 3338 non
555 3283 695 3338 obtinebam.
783 3288 827 3345 14.
843 3282 909 3336 Satis
925 3284 1035 3336 honestos
1052 3303 1099 3355 pro
1118 3303 1169 3335 meo
1182 3303 1248 3338 omn.

188 3359 249 3413 Non
265 3381 326 3414 eoru
339 3364 442 3431 locam,
452 3383 506 3436 quo
521 3363 616 3436 dignus
624 3383 696 3431 sam,
740 3363 806 3428 Qua
815 3364 876 3414 satis
888 3361 1075 3414 honestassent
1086 3365 1114 3416 in
1127 3375 1198 3416 tanta
1210 3381 1251 3415 ca·

187 3439 217 3492 in
230 3442 366 3513 republica
381 3445 509 3497 tenebam.
739 3441 864 3494 lamitote.
876 3440 1024 3494 Honestum
1039 3453 1078 3494 est
1088 3443 1159 3494 enirn
1167 3441 1249 3512 potti-

229 3539 255 3588 9.
277 3521 341 3575 Meis
359 3524 498 3576 nominibus.
521 3523 574 3576 Alii
595 3521 697 3578 addant
740 3541 792 3574 cam
805 3525 940 3574 moerorum
954 3540 1051 3574 emona
1064 3525 1188 3594 tusciam.

186 3613 288 3652 emtum
293 3641 301 3665 ,
313 3614 344 3655 nt
358 3602 392 3654 sit
398 3608 500 3673 pecnnia
515 3615 595 3656 mutuo
604 3616 698 3676 surnptn
784 3601 828 3655 ¹5.
841 3601 987 3674 Spu...eum
997 3614 1116 3676 sequanis.
1132 3601 1165 3654 In
1176 3613 1250 3654 tanto

187 3699 239 3731 meo
247 3684 320 3751 insin
330 3686 430 3735 nombre.
441 3681 492 3736 Sed
501 3681 568 3736 nihil
575 3681 697 3737 addendo
740 3699 801 3734 meo
814 3699 876 3736 casu
887 3701 946 3755 spes
960 3682 1076 3736 honesta
1091 3681 1157 3734 mihi
1171 3681 1250 3734 affol-

186 3760 698 3828 sensnsidemconstat.Qunmenimoo·
740 3773 831 3816 sunm
852 3762 969 3835 reliqna·
983 3761 1118 3834 dignitatis
1143 3778 1249 3814 wnser·

187 3842 362 3908 m'nneorum,
373 3842 421 3914 qni
434 3856 527 3896 mutuo
536 3841 698 3914 accipiebant
740 3839 848 3908 vendin
860 3862 900 3894 eos
921 3861 973 3914 spes
988 3855 1098 3915 sequana
1112 3859 1180 3902 stone
1191 3858 1249 3894 eam

185 3919 324 3990 pecunias,
339 3941 354 3974 a
366 3919 542 3975 creditoribus
554 3922 582 3974 in
596 3923 697 3976 tabulas
740 3921 810 3975 viam
822 3921 952 3994 ingressus
961 3941 1035 3988 snm,
1045 3940 1124 3992 quam
1133 3939 1191 3992 spes
1198 3921 1250 3974 illo

184 3999 436 4066 reserrentomeis
459 4001 589 4054 nominibus
610 4001 698 4054 solvere
740 4001 807 4056 milti
820 3999 978 4056 indicabant.

187 4079 294 4151 proprie
305 4093 356 4148 est,
367 4100 398 4136 ea
410 4083 512 4138 solvere
523 4099 582 4162 qna
594 4101 644 4136 neo
653 4101 697 4136 no·
784 4085 828 4138 16.
841 4081 944 4138 Hono.
954 4081 1100 4153 Antiquom
1111 4100 1162 4154 pro
1171 4093 1245 4140 anto.
