2938 4654
535 437 843 506 JUGURTHA.
1149 430 1219 507 251

164 587 268 635 novus
284 589 383 635 nemo
405 582 473 636 tarn
491 565 599 638 clarus
607 555 630 657 ⁸,
646 593 753 663 neque
774 583 842 638 tam
864 568 1003 663 egregiis
1025 567 1119 638 factis
1140 583 1227 656 erat,

163 672 242 764 quin
256 672 308 742 his
322 673 475 769 indignus
492 673 548 744 illo
562 677 705 762 honore,
721 691 755 745 ct
768 677 860 770 quasi
875 673 1020 770 pollutus
1037 674 1225 746 haberetur.

214 781 337 850 LXIV.
366 783 473 876 Igitur
494 782 551 850 ubi
569 783 696 852 Marius
714 783 897 878 haruspicis
916 781 1019 851 dicta¹
1040 782 1157 852 eodem
1177 785 1226 850 in·

164 885 298 956 tendere
316 887 426 976 videt,
441 913 508 983 quo
528 889 650 984 cupido
668 891 769 958 animi
784 890 999 978 hortabatur3
1017 889 1059 958 ab
1074 888 1227 975 Metello,

162 993 300 1086 petundi
322 997 445 1089 gratia,
463 997 652 1066 missionem
674 1011 778 1093 rogat.
798 999 862 1067 Cui
883 1021 1084 1092 quamquam
1106 997 1229 1082 virtus,

164 1096 267 1192 gloria
282 1116 381 1196 atque
395 1101 458 1172 alia
474 1103 621 1199 optanda
640 1104 735 1173 bonis
751 1103 971 1199 superabant3
996 1117 1107 1172 tamen
1121 1104 1228 1170 inerat

164 1221 350 1278 contemtor
370 1211 499 1279 animus
520 1225 555 1280 et
576 1211 745 1306 superbia,
759 1235 936 1281 commune
956 1209 1134 1280 nobilitatis
1154 1233 1228 1278 ma-

163 1309 241 1381 lum.
252 1317 370 1410 Itaque
380 1319 525 1412 primum
538 1332 725 1388 commotus
736 1317 866 1388 insolita
878 1343 930 1402 re,
940 1318 1054 1388 mirari
1067 1316 1138 1410 ejus
1148 1340 1227 1384 con·

164 1416 292 1508 silium,
315 1437 349 1492 ct
380 1427 473 1518 quasi
498 1450 558 1520 per
584 1425 761 1494 amicitiam
788 1450 943 1514 monere,
964 1448 1006 1492 nc
1031 1438 1098 1492 tarn
1124 1445 1227 1516 prava

165 1526 348 1623 inciperet,
374 1556 440 1600 neu
473 1557 572 1628 super
603 1531 770 1602 fortunam
803 1533 950 1602 animum
988 1544 1140 1626 gereret:
1160 1555 1229 1597 non

166 1636 276 1704 omnia
303 1637 455 1708 omnibus
476 1639 643 1734 cupiunda
671 1665 757 1728 esse3
778 1639 898 1709 debere
917 1637 963 1708 illi
985 1663 1037 1707 res
1056 1661 1130 1707 suas
1152 1637 1229 1704 satis

166 1739 321 1835 placere:
344 1759 513 1841 postremo
536 1761 671 1816 caveret
691 1747 724 1815 id
745 1761 857 1842 petere
879 1771 899 1815 a
921 1745 1046 1842 populo
1075 1767 1230 1830 romano,

167 1849 255 1941 quod
271 1848 316 1918 illi
330 1851 406 1944 jure
424 1868 609 1948 negaretur.
633 1857 811 1949 Postquam
828 1855 899 1924 haec
922 1869 1021 1948 atque
1038 1851 1115 1920 talia
1133 1850 1231 1938 dixit,

168 1979 272 2050 neque
290 1959 419 2029 animus
441 1962 540 2028 Marii
561 1961 721 2048 flectitur3
737 1961 924 2056 respondit,
939 1960 994 2028 ubi
1013 1960 1157 2054 primum
1177 1981 1231 2052 po

170 2064 283 2132 tuisset
300 2090 361 2160 per
378 2069 511 2162 negotia
529 2066 681 2163 publica,
700 2067 864 2136 facturum
888 2092 976 2151 sese,
996 2090 1068 2160 quae
1088 2077 1231 2159 peteret;

168 2191 206 2238 ac
224 2185 341 2266 postca
359 2176 477 2268 saepius
497 2173 612 2243 eadem
632 2173 811 2270 postulanti
830 2174 936 2242 fertur
953 2173 1089 2258 dixisse,
1104 2195 1147 2239 ne
1168 2167 1229 2237 ses·

169 2276 288 2346 tinaret
305 2279 416 2349 abire:
437 2283 516 2352 satis
535 2295 664 2350 mature
686 2280 778 2350 illurn
797 2306 913 2349 cumr
893 2279 960 2349 filio
980 2303 1039 2348 suo
1045 2274 1231 2347 'consula-

169 2395 238 2451 tum
260 2387 461 2479 petiturum:
478 2389 505 2457 is
520 2415 560 2458 eo
579 2403 728 2483 tempore
750 2388 968 2458 contubernio
986 2387 1090 2480 patris
1108 2382 1230 2452 ibidem

169 2489 346 2582 militabat,
358 2518 462 2564 annos
484 2510 581 2565 natus
599 2497 731 2565 circiter
747 2479 894 2590 vigintih
910 2495 994 2583 Quae
1015 2517 1067 2561 res
1085 2490 1232 2559 Marium

209 2696 235 2748 8.
250 2695 334 2748 Novus
348 2696 678 2752 semimonachum
764 2717 789 2751 a.
809 2695 933 2768 Cumfilr'o
944 2717 996 2750 suo.
1010 2694 1111 2749 Metelli
1125 2691 1233 2746 scilicet.

170 2773 222 2827 sere
237 2773 272 2828 de
287 2776 423 2832 Ciceronis
436 2779 563 2850 petitione
572 2777 638 2832 dicit
650 2779 678 2831 in
728 2809 762 2821 -
786 2777 946 2831 Contubcrm'o
968 2780 1055 2848 patris.
1084 2775 1234 2828 Contuber-

171 2853 247 2909 Catil.
264 2857 367 2910 xxm,
382 2857 487 2912 Scilicet
505 2859 611 2930 Syllam
627 2859 680 2912 vic·
722 2859 798 2911 nium
815 2853 870 2920 (ex
885 2877 937 2910 cum
951 2870 978 2910 et
995 2851 1110 2919 taberna)
1125 2854 1234 2933 proprie

172 2935 237 2988 toria
260 2955 302 2990 res
319 2937 347 2989 in
363 2937 485 2992 eumdem
499 2940 589 2992 locum
603 2938 680 2992 redu·
722 2937 821 2991 dicitur
831 2937 864 2992 de
876 2939 1005 2992 militibus
1015 2936 1106 2990 decem
1117 2936 1167 2988 sub
1179 2951 1234 2986 uno

170 3029 257 3083 xerat,
272 3037 327 3089 quo
341 3031 415 3070 erant
427 3031 487 3092 post
497 3019 680 3073 Gracchorum
723 3019 858 3090 papilione
876 3018 1033 3091 degentibus
1051 3013 1166 3087 (Veget.
1190 3031 1233 3080 ιι,

170 3094 275 3151 cedem.
292 3098 434 3163 Praeterea,
447 3101 516 3152 miro
524 3119 632 3172 prorsus
642 3100 679 3152 fa·
727 3101 761 3152 13
772 3096 795 3164 ),
812 3100 857 3172 qui
874 3097 934 3152 ideo
945 3097 1123 3151 contubernales
1137 3113 1234 3148 vocan-

170 3184 257 3230 torum
276 3178 454 3232 humanorum
473 3180 606 3252 exemplo,
625 3178 680 3232 dno
723 3193 776 3232 tur.
795 3179 842 3232 Est
860 3181 939 3232 etiam
955 3179 1130 3231 contubernium
1143 3175 1233 3247 ipsum

172 3256 324 3328 Arpinates,
336 3259 457 3313 homines
468 3260 680 3331 novi,sanguine
723 3259 922 3312 tabernaculum
940 3260 988 3311 ubi
1003 3259 1041 3310 illi
1061 3257 1158 3308 milites
1175 3273 1234 3325 age-

173 3335 440 3411 interseconjuncti,
460 3340 525 3392 alter
541 3358 604 3394 xnrv
621 3351 681 3412 post
723 3339 795 3390 bant.
824 3339 976 3402 Postremo,
1002 3355 1051 3408 per
1072 3335 1233 3405 analogiam,

173 3416 284 3471 alterum
303 3421 392 3486 annis,
411 3420 545 3473 nobilitati
567 3421 681 3472 multum
724 3417 810 3470 dictus
829 3431 869 3470 est
889 3437 938 3469 esse
955 3422 980 3468 in
999 3416 1151 3468 rontuhcmdo
1167 3413 1235 3465 ducis

173 3495 262 3552 invitas
274 3501 440 3554 consulatum
454 3501 618 3572 eripuerunt.
629 3498 681 3552 Sed
724 3499 853 3569 ingenitus
864 3496 1027 3560 adolescens,
1038 3496 1085 3568 qui
1096 3513 1170 3559 eum,
1183 3491 1234 3544 mi·

175 3575 202 3628 hi
215 3579 328 3632 similem
344 3581 413 3633 viam
429 3581 551 3652 ingressi,
567 3579 681 3632 dissimi-
723 3579 786 3630 litias
802 3575 967 3631 addiscendas
979 3595 1070 3641 causa,
1086 3573 1120 3627 ad
1135 3573 1234 3626 bellum

174 3654 223 3709 lem
236 3675 346 3730 prorsus
358 3679 466 3713 cursum
482 3673 598 3713 tenuere.
725 3659 895 3730 sequebatur,
911 3659 960 3711 sub
981 3657 1089 3728 ejusque
1106 3654 1190 3707 oculis
1208 3663 1234 3703 et
1298 3673 1301 3680 ¹

213 3737 681 3813 Caa.LXIV.1.Hamspreisdtcte.
724 3739 936 3792 curamilitabat

176 3815 234 3871 Sive
249 3819 351 3872 Marius
365 3839 396 3874 ea
411 3821 467 3892 ipsa
482 3819 560 3874 dici'
550 3821 682 3892 jussisset3
768 3819 795 3872 3.
817 3819 904 3872 Annos
928 3829 999 3872 natus
1021 3819 1115 3869 circiter
1137 3815 1235 3884 viginti.

175 3897 229 3952 sive
244 3900 316 3953 ultro
331 3901 365 3953 ab
379 3901 518 3993 haruspice
532 3920 580 3973 per
593 3899 683 3953 adula-
726 3899 808 3971 Atqui
818 3917 873 3952 non
888 3913 949 3953 aute
962 3917 1059 3952 annum
1075 3895 1156 3948 aetatis
1171 3911 1236 3964 qua·

175 3978 274 4032 fionem
300 3979 393 4047 dictis,
419 3981 482 4053 quia
511 3961 639 4034 credula
646 3993 685 4033 est
727 3979 902 4052 dragesrmum
911 3993 1019 4033 tertium
1032 3977 1158 4049 perleges
1171 3991 1235 4025 con-

174 4075 268 4132 magna
295 4020 445 4132 cupiditas,
475 4061 590 4134 aliquam
619 4060 685 4114 adeo
728 4061 843 4114 sulatum
861 4073 951 4131 petere
969 4059 1079 4122 licebat,
1103 4069 1134 4110 ut
1158 4053 1237 4108 docet

175 4137 254 4194 fidem
261 4139 407 4195 adhiberet.
731 4141 842 4206 Cicero,
857 4139 1015 4212 Philipps,
1033 4156 1074 4208 17.
