2950 4646
180 337 256 423 aod
416 336 453 404 C.
487 335 677 403 CRISPI
708 335 1006 403 SALLUSTII

178 491 347 538 senescere
365 469 478 537 omnia
499 465 663 556 malebat3
680 468 742 563 ipsi
757 467 932 562 provincia
946 466 1119 554 Numidia,
1132 469 1244 539 Minu-

121 575 123 580 ’
178 577 230 644 cio
245 575 442 644 Macedonia
455 560 633 644 evenerat⁵.
648 576 732 664 Quae
749 589 924 670 postquam
940 576 1086 644 Massiva
1099 563 1244 669 agitare⁶

178 684 410 778 coepit,neque
430 682 604 778 Jugurthae
625 683 660 751 in
681 683 796 752 amicis
819 683 897 751 satis
916 681 1058 778 praesidii
1077 683 1244 778 cst,quod

178 813 294 858 eorum
313 787 413 859 alium
432 791 650 879 conscientia,
672 787 773 858 aliurn
795 787 882 858 mala
900 789 987 858 fama
1008 803 1043 858 et
1063 791 1163 858 timor
1177 791 1244 859 im-

179 895 346 990 pediebat3
372 895 578 984 Bomilcari⁷,
597 921 762 993 proxumo
782 921 821 966 ac
842 921 996 965 maxume
1011 895 1079 965 fido
1094 895 1173 984 sibi,
1188 898 1246 966 im·

178 1018 288 1098 perat,
306 1007 429 1099 pretio,
457 1007 554 1074 sicuti
580 1003 686 1074 multa
707 1003 913 1092 confecerat,
932 1002 1138 1074 insidiatores
1155 1005 1245 1073 Mas-

179 1111 256 1179 sivae
277 1125 386 1205 paret,
406 1136 445 1180 ac
466 1136 621 1183 maxume
641 1111 770 1181 occulte
786 1112 859 1180 :sin
881 1110 915 1178 id
931 1134 1050 1206 parum
1068 1109 1247 1205 procedat,
1359 1138 1365 1148 “

178 1218 296 1312 quovis
327 1218 430 1288 modo
466 1218 647 1288 Numidam
682 1217 868 1288 interficiat.
910 1216 1076 1286 Bomilcar
1117 1231 1246 1286 mature

178 1325 265 1420 regis
287 1325 444 1395 mandata
465 1327 676 1420 exsequitur:
696 1339 729 1393 et
749 1349 809 1420 per
827 1325 997 1414 homines,
1023 1322 1098 1394 talis
1122 1327 1247 1419 negotii

179 1429 323 1500 artifices
334 1417 358 1520 ⁸,
380 1434 498 1500 itinera
518 1453 734 1527 egressusque
756 1431 845 1525 ejus,
865 1446 1034 1526 postremo
1057 1431 1130 1500 loca
1148 1445 1247 1525 atque

180 1551 330 1632 tempora
355 1553 476 1607 cuncta
500 1537 677 1633 explorat:
700 1537 842 1628 deinde,
863 1539 921 1607 ubi
952 1563 1005 1608 rcs
1034 1537 1248 1634 postulabat,

179 1643 314 1713 insidias
332 1645 445 1714 tendit.
465 1647 573 1741 Igitur
591 1671 677 1715 unus
697 1669 738 1714 cx
757 1671 798 1714 co
819 1669 977 1734 numer0,
989 1648 1047 1741 qui
1063 1645 1105 1714 ad
1122 1644 1247 1714 caede'rn

180 1753 287 1844 parati
308 1767 422 1840 crant,
447 1751 560 1847 paullo
584 1752 803 1822 inconsultius
830 1755 1010 1822 Massivam
1040 1753 1249 1848 aggreditur,

182 1953 252 2008 vide.
275 1957 343 2009 Item
364 1956 475 2010 CXIV:
496 1983 507 2004 ι
527 1957 641 2010 Romani
656 1957 694 2011 sic
737 1954 834 2029 dignus
848 1955 980 2021 minister,
996 1954 1046 2027 qui
1065 1973 1170 2026 poenam
1185 1953 1249 2007 ulti-

180 2035 366 2102 habuere,alia
373 2037 462 2089 omnia
469 2037 563 2089 virtuti
571 2056 624 2090 suae
633 2055 695 2108 pro·
738 2037 774 2088 mi
789 2037 894 2090 sceleris
910 2037 943 2088 ab
964 2054 996 2088 eo
1012 2035 1107 2101 ferret,
1130 2035 1177 2106 qui
1191 2034 1248 2106 pri·

181 2134 279 2170 maesse
288 2137 295 2182 ;
305 2136 366 2169 cum
377 2117 460 2171 Gallis
469 2136 520 2188 pro
529 2117 624 2183 salute,
638 2136 693 2169 non
738 2135 812 2169 mum
825 2119 946 2187 jusserat.
961 2147 1002 2156 -
1017 2116 1147 2167 Proxumo.
1159 2113 1248 2167 Fami·

181 2215 232 2268 pro
239 2197 322 2268 gloria
330 2209 445 2263 certam
457 2223 468 2245 a
479 2197 527 2250 ubi
537 2194 695 2250 subauditur
737 2197 885 2250 liarissimo.
899 2195 976 2248 Catil.
985 2195 1065 2248 XIV:
1076 2221 1086 2242 ι
1096 2195 1120 2246 Ii
1128 2193 1248 2246 Catilinae

181 2295 229 2341 ss,
251 2278 380 2348 subjectum
400 2277 475 2330 verbi
497 2289 596 2330 certare.
624 2277 694 2330 Male
737 2277 861 2348 proxumi
877 2275 1068 2346 familiaresque
1083 2286 1198 2328 erant.»

182 2357 264 2428 igitur
273 2359 333 2430 Bip.
350 2356 455 2412 induxit
467 2375 500 2410 ex
510 2377 565 2410 uno
579 2355 640 2409 cod.
650 2377 694 2408 no·
779 2357 805 2410 8.
816 2357 885 2408 Talis
892 2358 983 2426 negotii
988 2354 1098 2426 artrfires.
1107 2356 1173 2407 Rem
1186 2371 1249 2406 vere

185 2441 242 2492 rari.
259 2437 350 2490 Nostri
372 2456 463 2490 omnes
480 2457 577 2490 movere.
594 2467 633 2478 -
649 2436 695 2490 Se·
738 2433 846 2506 dignam
869 2435 974 2488 notari!
995 2435 1028 2487 In
1047 2436 1095 2488 illo
1115 2447 1248 2488 terrarum

184 2536 284 2570 nerem.
298 2515 400 2570 Eodem
415 2517 622 2584 sensu‚Liv.r,
636 2533 691 2569 ar:
738 2517 839 2588 capite,
861 2517 928 2568 urbe
952 2516 1053 2582 Roma,
1076 2515 1097 2568 si
1119 2515 1162 2568 cui
1180 2533 1248 2588 opus

188 2621 199 2643 ι
215 2597 301 2650 Multa
320 2599 375 2668 jam
397 2596 468 2650 edita
491 2595 581 2662 cede,
604 2615 696 2667 pugna
738 2607 795 2648 erat
805 2594 975 2662 insidiatore,
990 2595 1099 2662 sicario,
1113 2593 1247 2660 venefico,

182 2677 301 2730 senescit.
318 2701 329 2723 ι
738 2675 760 2728 is
773 2687 859 2728 certos
878 2674 1006 2746 quosdam
1021 2676 1143 2729 homines
1158 2675 1248 2747 appel·

226 2755 251 2808 5.
273 2757 381 2808 Minucio
404 2755 550 2808 Macedonia
578 2767 693 2808 evenerat.
737 2755 824 2822 labat3
843 2768 871 2808 et
886 2769 981 2828 praesto
997 2767 1087 2821 erant,
1111 2756 1157 2828 qui
1172 2768 1247 2827 pacta

185 2834 261 2887 Sorte
275 2837 428 2890 obvenerat.
445 2835 496 2889 Hic
511 2843 603 2888 contra
617 2835 694 2888 Scor·
738 2834 859 2889 mercede
872 2855 929 2888 rem
943 2837 1112 2907 susciperent.
1127 2835 1249 2889 Habebas

183 2913 268 2968 discos
277 2915 561 2969 ctTriballosThracas
568 2933 695 2987 prospere
738 2917 829 2968 Romu
838 2917 1028 2982 interfectoris,
1042 2918 1109 2970 sicut
1119 2914 1190 2988 apud
1199 2933 1248 2967 nos

183 2997 327 3067 pugnarit;
343 2995 401 3050 Liv.
415 2995 531 3067 Epitom.
547 3013 606 3048 axv.
623 2996 693 3050 Flor.
737 2997 806 3050 fabri
817 2998 859 3050 vel
870 2998 966 3050 sutoris
978 2999 1028 3048 arti
1058 3002 1115 3050 iton.
1130 2996 1249 3068 Augebat

182 3075 229 3128 lib.
247 3093 295 3144 111,
312 3095 367 3149 cap.
384 3083 410 3141 4.
738 3079 837 3150 quippe
849 3078 1001 3131 facilitatem
1012 3075 1136 3150 patrandi
1144 3075 1247 3131 sceleris

225 3159 254 3209 6.
276 3157 390 3228 Agitare.
413 3159 453 3209 De
468 3175 499 3210 ea
513 3175 543 3209 rc
562 3173 654 3228 agere,
669 3167 695 3210 et
739 3157 829 3230 ingens
856 3171 882 3210 et
904 3158 933 3211 in
954 3157 1091 3212 audaciam
1109 3157 1249 3211 exercitata

184 3235 318 3290 Numidia
333 3255 445 3309 regnum
461 3257 475 3291 a
491 3249 582 3291 senatu
595 3249 693 3308 petere.
737 3256 874 3290 servorum
888 3237 1116 3309 gladiatorumque
1131 3237 1251 3292 multitu·

226 3337 252 3388 7.
273 3317 414 3372 chr'learr'.
431 3318 564 3373 Bomilcar
576 3318 621 3370 ille
632 3335 694 3389 pos·
738 3315 774 3370 do
785 3336 792 3370 :
803 3331 930 3390 preterca
939 3319 1099 3392 impunitas;
1108 3315 1181 3390 quod
1190 3317 1250 3369 nul·
1308 3347 1316 3363 ·

184 3410 226 3451 tea
246 3399 385 3469 Iugurthae
407 3399 491 3471 copiis
513 3397 568 3452 dux
588 3398 696 3470 praefatit
737 3398 779 3451 lus
798 3399 964 3470 magistratus
985 3412 1042 3453 erat
1061 3395 1248 3469 investigandis

184 3474 266 3541 (infr.
282 3477 695 3551 mutugennensem·
737 3477 841 3532 delictis
871 3491 898 3532 et
924 3481 1044 3533 sontibus
1065 3479 1094 3531 in
1117 3475 1249 3550 judicium

183 3557 313 3612 ditionem
322 3557 577 3630 impulit,sundente
586 3559 695 3612 Metello
738 3557 860 3614 sistendis
881 3561 988 3632 publice
1004 3559 1170 3631 prepositus.
1186 3557 1249 3610 Non

186 3635 196 3702 (
208 3638 271 3693 LXI
279 3651 307 3692 et
315 3639 392 3691 LXII
405 3634 431 3704 );
443 3657 532 3710 regem
546 3639 695 3692 interficere
739 3651 837 3693 temere
857 3641 928 3694 enim
949 3639 983 3694 ad
998 3637 1175 3694 accusandum
1189 3635 1248 3690 des-

184 3720 297 3773 tcntarit
330 3715 434 3780 (Lxx
451 3716 486 3784 );
511 3719 642 3790 ipseque,
664 3737 695 3772 re
738 3719 885 3774 cendehant
917 3721 1027 3792 privati,
1056 3719 1110 3772 nisi
1139 3717 1249 3791 propria

183 3800 335 3870 patefacta,
356 3800 390 3852 ab
414 3817 446 3851 eo
476 3799 628 3853 interfectus
655 3811 696 3852 est
738 3800 838 3854 utilitas
850 3813 896 3854 aut
910 3799 1052 3872 merenda
1066 3801 1135 3852 lama
1153 3798 1249 3870 impel-

184 3875 333 3943 (Lxxtt).
351 3879 453 3952 Dignus
466 3897 528 3932 sane
543 3897 604 3947 rex,
620 3881 695 3951 cujus
738 3880 814 3935 leret.
829 3879 896 3934 Inde
911 3882 995 3934 multa
1010 3882 1122 3934 obscura
1135 3890 1162 3932 et
1174 3877 1250 3950 quasi

185 3959 254 4012 latus
278 3961 311 4012 ab
330 3977 363 4012 eo
377 3972 530 4032 peteretur,
550 3975 695 4032 perquem
737 3962 841 4032 plebeia
861 3963 958 4015 scelera
977 3959 1201 4033 negligebantur,
1222 3968 1249 4010 st

185 4038 241 4110 ipsc
267 4053 408 4110 cognatum
434 4059 512 4096 sumn
537 4053 694 4105 necaverum
737 4040 843 4094 silentio
855 4053 922 4096 tecta
936 4041 1116 4113 preteribant.
