<?xml version="1.0" encoding="UTF-8"?>
<!DOCTYPE html PUBLIC "-//W3C//DTD XHTML 1.0 Transitional//EN"
    "http://www.w3.org/TR/xhtml1/DTD/xhtml1-transitional.dtd">
<html xmlns="http://www.w3.org/1999/xhtml" xml:lang="en" lang="en">
 <head>
  <title>
</title>
<meta http-equiv="Content-Type" content="text/html;charset=utf-8" />
  <meta name='ocr-system' content='tesseract 3.04.00' />
  <meta name='ocr-capabilities' content='ocr_page ocr_carea ocr_par ocr_line ocrx_word'/>
</head>
<body>
  <div class='ocr_page' id='page_1' title='image "./caiuscrispussal01sallgoog_0429.png"; bbox 0 0 2910 4666; ppageno 0'>
   <div class='ocr_carea' id='block_1_1' title="bbox 523 359 1219 434">
    <p class='ocr_par' dir='ltr' id='par_1_1' title="bbox 523 359 1219 434">
     <span class='ocr_line' id='line_1_1' title="bbox 523 359 1219 434; baseline 0.006 -4"><span class='ocrx_word' id='word_1_1' title='bbox 523 361 862 433; x_wconf 84' lang='lat' dir='ltr'><strong>FRAGMENTA.</strong></span> <span class='ocrx_word' id='word_1_2' title='bbox 1149 359 1219 434; x_wconf 80' lang='lat'>361</span> 
     </span>
    </p>
   </div>
   <div class='ocr_carea' id='block_1_2' title="bbox 159 499 1226 812">
    <p class='ocr_par' dir='ltr' id='par_1_2' title="bbox 159 499 1226 812">
     <span class='ocr_line' id='line_1_2' title="bbox 159 499 1224 597; baseline -0.002 -22"><span class='ocrx_word' id='word_1_3' title='bbox 159 501 402 589; x_wconf 82' lang='lat' dir='ltr'><strong>concordiam,</strong></span> <span class='ocrx_word' id='word_1_4' title='bbox 428 516 462 571; x_wconf 88' lang='lat' dir='ltr'>et</span> <span class='ocrx_word' id='word_1_5' title='bbox 489 499 550 570; x_wconf 88' lang='lat' dir='ltr'>alia</span> <span class='ocrx_word' id='word_1_6' title='bbox 571 501 800 595; x_wconf 84' lang='lat' dir='ltr'>hujuscemodi</span> <span class='ocrx_word' id='word_1_7' title='bbox 823 503 1058 590; x_wconf 85' lang='lat' dir='ltr'>decreverunt,</span> <span class='ocrx_word' id='word_1_8' title='bbox 1087 507 1224 597; x_wconf 83' lang='lat' dir='ltr'><strong>gratiam</strong></span> 
     </span>
     <span class='ocr_line' id='line_1_3' title="bbox 159 608 1224 706; baseline 0 -28"><span class='ocrx_word' id='word_1_9' title='bbox 159 611 204 680; x_wconf 86' lang='lat' dir='ltr'>ab</span> <span class='ocrx_word' id='word_1_10' title='bbox 214 635 254 679; x_wconf 91' lang='lat' dir='ltr'>eo</span> <span class='ocrx_word' id='word_1_11' title='bbox 263 608 455 706; x_wconf 87' lang='lat' dir='ltr'>peperissc⁷.</span> <span class='ocrx_word' id='word_1_12' title='bbox 466 611 575 677; x_wconf 91' lang='lat' dir='ltr'>Immo</span> <span class='ocrx_word' id='word_1_13' title='bbox 587 608 731 704; x_wconf 77' lang='lat' dir='ltr'>despecti</span> <span class='ocrx_word' id='word_1_14' title='bbox 740 623 774 678; x_wconf 86' lang='lat' dir='ltr'>et</span> <span class='ocrx_word' id='word_1_15' title='bbox 783 609 908 704; x_wconf 84' lang='lat' dir='ltr'>indigni</span> <span class='ocrx_word' id='word_1_16' title='bbox 923 608 1092 704; x_wconf 78' lang='lat' dir='ltr'>republica</span> <span class='ocrx_word' id='word_1_17' title='bbox 1104 610 1224 696; x_wconf 92' lang='lat' dir='ltr'>babiti,</span> 
     </span>
     <span class='ocr_line' id='line_1_4' title="bbox 160 715 1226 812; baseline 0 -28"><span class='ocrx_word' id='word_1_18' title='bbox 160 716 282 812; x_wconf 82' lang='lat' dir='ltr'>praedae</span> <span class='ocrx_word' id='word_1_19' title='bbox 296 715 370 785; x_wconf 91' lang='lat' dir='ltr'>loco</span> <span class='ocrx_word' id='word_1_20' title='bbox 385 729 619 800; x_wconf 79' lang='lat' dir='ltr'>aestumantur3</span> <span class='ocrx_word' id='word_1_21' title='bbox 637 718 761 811; x_wconf 91' lang='lat' dir='ltr'>quippe</span> <span class='ocrx_word' id='word_1_22' title='bbox 780 730 872 784; x_wconf 90' lang='lat' dir='ltr'>metu</span> <span class='ocrx_word' id='word_1_23' title='bbox 889 740 1004 810; x_wconf 85' lang='lat' dir='ltr'>pacem</span> <span class='ocrx_word' id='word_1_24' title='bbox 1023 727 1226 811; x_wconf 80' lang='lat' dir='ltr'>repetentes,</span> 
     </span>
    </p>
   </div>
   <div class='ocr_carea' id='block_1_3' title="bbox 161 821 1233 1450">
    <p class='ocr_par' dir='ltr' id='par_1_3' title="bbox 161 821 1233 1450">
     <span class='ocr_line' id='line_1_5' title="bbox 161 821 1225 917; baseline -0.001 -26"><span class='ocrx_word' id='word_1_25' title='bbox 161 848 231 917; x_wconf 92' lang='lat' dir='ltr'>quo</span> <span class='ocrx_word' id='word_1_26' title='bbox 244 821 388 892; x_wconf 80' lang='lat' dir='ltr'>habitam</span> <span class='ocrx_word' id='word_1_27' title='bbox 401 823 589 892; x_wconf 90' lang='lat' dir='ltr'>amiserant.</span> <span class='ocrx_word' id='word_1_28' title='bbox 603 823 765 917; x_wconf 83' lang='lat' dir='ltr'>Equidem</span> <span class='ocrx_word' id='word_1_29' title='bbox 780 847 800 890; x_wconf 88' lang='lat' dir='ltr'>a</span> <span class='ocrx_word' id='word_1_30' title='bbox 818 823 998 917; x_wconf 90' lang='lat' dir='ltr'>principio,</span> <span class='ocrx_word' id='word_1_31' title='bbox 1012 845 1114 916; x_wconf 90' lang='lat' dir='ltr'>quum</span> <span class='ocrx_word' id='word_1_32' title='bbox 1127 825 1225 891; x_wconf 90' lang='lat' dir='ltr'>Etru-</span> 
     </span>
     <span class='ocr_line' id='line_1_6' title="bbox 161 927 1226 1024; baseline 0 -27"><span class='ocrx_word' id='word_1_33' title='bbox 161 931 248 998; x_wconf 87' lang='lat' dir='ltr'>riam</span> <span class='ocrx_word' id='word_1_34' title='bbox 268 929 459 1023; x_wconf 85' lang='lat' dir='ltr'>conjurare,</span> <span class='ocrx_word' id='word_1_35' title='bbox 481 930 685 1023; x_wconf 90' lang='lat' dir='ltr'>proscriptos</span> <span class='ocrx_word' id='word_1_36' title='bbox 707 930 872 1016; x_wconf 88' lang='lat' dir='ltr'>arcessiri,</span> <span class='ocrx_word' id='word_1_37' title='bbox 893 927 1120 1024; x_wconf 75' lang='lat' dir='ltr'><strong>largitionibus</strong></span> <span class='ocrx_word' id='word_1_38' title='bbox 1136 953 1226 997; x_wconf 87' lang='lat' dir='ltr'>rem-</span> 
     </span>
     <span class='ocr_line' id='line_1_7' title="bbox 162 1033 1233 1130; baseline -0.002 -26"><span class='ocrx_word' id='word_1_39' title='bbox 162 1033 331 1130; x_wconf 83' lang='lat' dir='ltr'>publicam</span> <span class='ocrx_word' id='word_1_40' title='bbox 362 1034 516 1123; x_wconf 88' lang='lat' dir='ltr'>lacerari,</span> <span class='ocrx_word' id='word_1_41' title='bbox 543 1035 713 1121; x_wconf 75' lang='lat' dir='ltr'>videbam,</span> <span class='ocrx_word' id='word_1_42' title='bbox 740 1035 973 1103; x_wconf 87' lang='lat' dir='ltr'>maturandum</span> <span class='ocrx_word' id='word_1_43' title='bbox 997 1035 1171 1129; x_wconf 87' lang='lat' dir='ltr'>putabam,</span> <span class='ocrx_word' id='word_1_44' title='bbox 1193 1049 1233 1103; x_wconf 90' lang='lat' dir='ltr'>et·</span> 
     </span>
     <span class='ocr_line' id='line_1_8' title="bbox 162 1139 1227 1236; baseline -0.002 -26"><span class='ocrx_word' id='word_1_45' title='bbox 162 1140 276 1211; x_wconf 89' lang='lat' dir='ltr'>Catuli</span> <span class='ocrx_word' id='word_1_46' title='bbox 302 1139 436 1210; x_wconf 89' lang='lat' dir='ltr'>consilia</span> <span class='ocrx_word' id='word_1_47' title='bbox 461 1165 537 1210; x_wconf 91' lang='lat' dir='ltr'>cum</span> <span class='ocrx_word' id='word_1_48' title='bbox 558 1143 671 1236; x_wconf 85' lang='lat' dir='ltr'>paucis</span> <span class='ocrx_word' id='word_1_49' title='bbox 697 1156 853 1235; x_wconf 87' lang='lat' dir='ltr'>sequutus</span> <span class='ocrx_word' id='word_1_50' title='bbox 875 1167 957 1211; x_wconf 89' lang='lat' dir='ltr'>sum.</span> <span class='ocrx_word' id='word_1_51' title='bbox 981 1143 1139 1210; x_wconf 88' lang='lat' dir='ltr'>Ceterum</span> <span class='ocrx_word' id='word_1_52' title='bbox 1160 1139 1227 1228; x_wconf 89' lang='lat' dir='ltr'>illi,</span> 
     </span>
     <span class='ocr_line' id='line_1_9' title="bbox 162 1245 1227 1342; baseline -0.002 -26"><span class='ocrx_word' id='word_1_53' title='bbox 162 1249 222 1342; x_wconf 92' lang='lat' dir='ltr'>qui</span> <span class='ocrx_word' id='word_1_54' title='bbox 251 1249 357 1342; x_wconf 84' lang='lat' dir='ltr'>gentis</span> <span class='ocrx_word' id='word_1_55' title='bbox 376 1246 512 1316; x_wconf 85' lang='lat' dir='ltr'>AErniliae</span> <span class='ocrx_word' id='word_1_56' title='bbox 537 1248 710 1318; x_wconf 85' lang='lat' dir='ltr'>benefacta</span> <span class='ocrx_word' id='word_1_57' title='bbox 732 1246 948 1336; x_wconf 75' lang='lat' dir='ltr'><strong>extollebant,</strong></span> <span class='ocrx_word' id='word_1_58' title='bbox 970 1262 1004 1316; x_wconf 89' lang='lat' dir='ltr'>et</span> <span class='ocrx_word' id='word_1_59' title='bbox 1025 1245 1227 1341; x_wconf 84' lang='lat' dir='ltr'>ignoscendo</span> 
     </span>
     <span class='ocr_line' id='line_1_10' title="bbox 163 1339 1227 1450; baseline -0.001 -28"><span class='ocrx_word' id='word_1_60' title='bbox 163 1353 281 1450; x_wconf 93' lang='lat' dir='ltr'>populi</span> <span class='ocrx_word' id='word_1_61' title='bbox 306 1356 435 1423; x_wconf 86' lang='lat' dir='ltr'>romani</span> <span class='ocrx_word' id='word_1_62' title='bbox 460 1353 720 1449; x_wconf 83' lang='lat' dir='ltr'>magnitudinem</span> <span class='ocrx_word' id='word_1_63' title='bbox 748 1339 908 1442; x_wconf 84' lang='lat' dir='ltr'>auxisse⁸,</span> <span class='ocrx_word' id='word_1_64' title='bbox 937 1377 1099 1448; x_wconf 85' lang='lat' dir='ltr'>nusquam</span> <span class='ocrx_word' id='word_1_65' title='bbox 1126 1354 1227 1422; x_wconf 87' lang='lat' dir='ltr'>etiarn</span> 
     </span>
    </p>
   </div>
   <div class='ocr_carea' id='block_1_4' title="bbox 47 1459 1229 1556">
    <p class='ocr_par' dir='ltr' id='par_1_4' title="bbox 47 1459 1229 1556">
     <span class='ocr_line' id='line_1_11' title="bbox 47 1459 1229 1556; baseline -0.003 -26"><span class='ocrx_word' id='word_1_66' title='bbox 47 1503 51 1512; x_wconf 91' lang='lat'>·</span> <span class='ocrx_word' id='word_1_67' title='bbox 164 1475 240 1530; x_wconf 89' lang='lat' dir='ltr'>tum</span> <span class='ocrx_word' id='word_1_68' title='bbox 258 1459 421 1555; x_wconf 92' lang='lat' dir='ltr'>Lepidum</span> <span class='ocrx_word' id='word_1_69' title='bbox 444 1485 672 1556; x_wconf 82' lang='lat' dir='ltr'>progressum,</span> <span class='ocrx_word' id='word_1_70' title='bbox 692 1461 841 1549; x_wconf 83' lang='lat' dir='ltr'>aiebant,</span> <span class='ocrx_word' id='word_1_71' title='bbox 860 1485 963 1555; x_wconf 91' lang='lat' dir='ltr'>quum</span> <span class='ocrx_word' id='word_1_72' title='bbox 986 1461 1114 1554; x_wconf 86' lang='lat' dir='ltr'>privata</span> <span class='ocrx_word' id='word_1_73' title='bbox 1137 1483 1229 1527; x_wconf 89' lang='lat' dir='ltr'>arma</span> 
     </span>
    </p>
   </div>
   <div class='ocr_carea' id='block_1_5' title="bbox 164 1565 1285 1980">
    <p class='ocr_par' dir='ltr' id='par_1_5' title="bbox 164 1565 1285 1980">
     <span class='ocr_line' id='line_1_12' title="bbox 164 1565 1228 1662; baseline -0.002 -27"><span class='ocrx_word' id='word_1_74' title='bbox 164 1566 396 1662; x_wconf 78' lang='lat' dir='ltr'>opprimundae</span> <span class='ocrx_word' id='word_1_75' title='bbox 414 1565 573 1636; x_wconf 81' lang='lat' dir='ltr'>libertatis</span> <span class='ocrx_word' id='word_1_76' title='bbox 593 1569 749 1662; x_wconf 82' lang='lat' dir='ltr'>cepisset,</span> <span class='ocrx_word' id='word_1_77' title='bbox 769 1568 830 1636; x_wconf 93' lang='lat' dir='ltr'>sibi</span> <span class='ocrx_word' id='word_1_78' title='bbox 845 1569 982 1661; x_wconf 88' lang='lat' dir='ltr'>quisque</span> <span class='ocrx_word' id='word_1_79' title='bbox 999 1591 1080 1662; x_wconf 89' lang='lat' dir='ltr'>opes</span> <span class='ocrx_word' id='word_1_80' title='bbox 1096 1579 1154 1635; x_wconf 92' lang='lat' dir='ltr'>aut</span> <span class='ocrx_word' id='word_1_81' title='bbox 1171 1590 1228 1660; x_wconf 89' lang='lat' dir='ltr'>pa·</span> 
     </span>
     <span class='ocr_line' id='line_1_13' title="bbox 165 1673 1230 1769; baseline -0.001 -28"><span class='ocrx_word' id='word_1_82' title='bbox 165 1674 306 1741; x_wconf 90' lang='lat' dir='ltr'>trocinia</span> <span class='ocrx_word' id='word_1_83' title='bbox 323 1673 519 1768; x_wconf 85' lang='lat' dir='ltr'>quaerendo,</span> <span class='ocrx_word' id='word_1_84' title='bbox 540 1673 712 1744; x_wconf 89' lang='lat' dir='ltr'>consilium</span> <span class='ocrx_word' id='word_1_85' title='bbox 731 1673 901 1768; x_wconf 90' lang='lat' dir='ltr'>publicum</span> <span class='ocrx_word' id='word_1_86' title='bbox 921 1687 1150 1769; x_wconf 88' lang='lat' dir='ltr'>corruperunt.</span> <span class='ocrx_word' id='word_1_87' title='bbox 1171 1673 1230 1741; x_wconf 80' lang='lat' dir='ltr'>At·</span> 
     </span>
     <span class='ocr_line' id='line_1_14' title="bbox 165 1779 1285 1875; baseline -0.003 -28"><span class='ocrx_word' id='word_1_88' title='bbox 165 1793 278 1848; x_wconf 88' lang='lat' dir='ltr'>tamen</span> <span class='ocrx_word' id='word_1_89' title='bbox 290 1793 362 1848; x_wconf 90' lang='lat' dir='ltr'>erat</span> <span class='ocrx_word' id='word_1_90' title='bbox 372 1779 517 1874; x_wconf 75' lang='lat' dir='ltr'>lepidus</span> <span class='ocrx_word' id='word_1_91' title='bbox 528 1779 635 1849; x_wconf 74' lang='lat' dir='ltr'>latro⁹</span> <span class='ocrx_word' id='word_1_92' title='bbox 648 1806 724 1850; x_wconf 91' lang='lat' dir='ltr'>cum</span> <span class='ocrx_word' id='word_1_93' title='bbox 737 1779 907 1850; x_wconf 87' lang='lat' dir='ltr'>calonibus</span> <span class='ocrx_word' id='word_1_94' title='bbox 917 1795 952 1848; x_wconf 90' lang='lat' dir='ltr'>et</span> <span class='ocrx_word' id='word_1_95' title='bbox 967 1782 1080 1875; x_wconf 89' lang='lat' dir='ltr'>paucis</span> <span class='ocrx_word' id='word_1_96' title='bbox 1094 1779 1230 1864; x_wconf 88' lang='lat' dir='ltr'>sicariis,</span> <span class='ocrx_word' id='word_1_97' title='bbox 1280 1835 1285 1843; x_wconf 95' lang='lat'>.</span> 
     </span>
     <span class='ocr_line' id='line_1_15' title="bbox 166 1885 1230 1980; baseline -0.002 -26"><span class='ocrx_word' id='word_1_98' title='bbox 166 1910 311 1980; x_wconf 89' lang='lat' dir='ltr'>quorum</span> <span class='ocrx_word' id='word_1_99' title='bbox 334 1911 433 1954; x_wconf 88' lang='lat' dir='ltr'>nemo</span> <span class='ocrx_word' id='word_1_100' title='bbox 457 1885 573 1956; x_wconf 90' lang='lat' dir='ltr'>diurna</span> <span class='ocrx_word' id='word_1_101' title='bbox 598 1885 749 1957; x_wconf 84' lang='lat' dir='ltr'>mercede</span> <span class='ocrx_word' id='word_1_102' title='bbox 783 1888 884 1955; x_wconf 84' lang='lat' dir='ltr'>vitam</span> <span class='ocrx_word' id='word_1_103' title='bbox 909 1888 1113 1955; x_wconf 89' lang='lat' dir='ltr'>mutaverit:</span> <span class='ocrx_word' id='word_1_104' title='bbox 1141 1909 1230 1954; x_wconf 89' lang='lat' dir='ltr'>nunc</span> 
     </span>
    </p>
   </div>
   <div class='ocr_carea' id='block_1_6' title="bbox 168 2084 1282 4074">
    <p class='ocr_par' dir='ltr' id='par_1_6' title="bbox 168 2084 1282 3355">
     <span class='ocr_line' id='line_1_16' title="bbox 210 2084 1230 2158; baseline -0.003 -19"><span class='ocrx_word' id='word_1_105' title='bbox 210 2103 238 2155; x_wconf 87' lang='lat'>7.</span> <span class='ocrx_word' id='word_1_106' title='bbox 262 2084 374 2139; x_wconf 81' lang='lat' dir='ltr'>Gratiam</span> <span class='ocrx_word' id='word_1_107' title='bbox 393 2086 425 2138; x_wconf 84' lang='lat' dir='ltr'>ab</span> <span class='ocrx_word' id='word_1_108' title='bbox 445 2107 473 2140; x_wconf 87' lang='lat' dir='ltr'>eo</span> <span class='ocrx_word' id='word_1_109' title='bbox 491 2087 617 2158; x_wconf 81' lang='lat' dir='ltr'>peperisse.</span> <span class='ocrx_word' id='word_1_110' title='bbox 634 2085 676 2138; x_wconf 86' lang='lat' dir='ltr'>Sic</span> <span class='ocrx_word' id='word_1_111' title='bbox 721 2087 795 2139; x_wconf 80' lang='lat' dir='ltr'>aisse.</span> <span class='ocrx_word' id='word_1_112' title='bbox 810 2111 820 2134; x_wconf 78' lang='lat' dir='ltr'>s</span> <span class='ocrx_word' id='word_1_113' title='bbox 838 2088 873 2140; x_wconf 88' lang='lat' dir='ltr'>Et</span> <span class='ocrx_word' id='word_1_114' title='bbox 887 2099 958 2140; x_wconf 83' lang='lat' dir='ltr'>certe</span> <span class='ocrx_word' id='word_1_115' title='bbox 973 2087 1010 2139; x_wconf 88' lang='lat' dir='ltr'>sic</span> <span class='ocrx_word' id='word_1_116' title='bbox 1025 2105 1115 2140; x_wconf 86' lang='lat' dir='ltr'>sensus</span> <span class='ocrx_word' id='word_1_117' title='bbox 1131 2085 1230 2157; x_wconf 88' lang='lat' dir='ltr'>optime</span> 
     </span>
     <span class='ocr_line' id='line_1_17' title="bbox 168 2164 1231 2237; baseline -0.001 -20"><span class='ocrx_word' id='word_1_118' title='bbox 168 2183 262 2218; x_wconf 87' lang='lat' dir='ltr'>omues</span> <span class='ocrx_word' id='word_1_119' title='bbox 275 2166 303 2218; x_wconf 90' lang='lat' dir='ltr'>in</span> <span class='ocrx_word' id='word_1_120' title='bbox 316 2165 391 2218; x_wconf 83' lang='lat' dir='ltr'>MSS.</span> <span class='ocrx_word' id='word_1_121' title='bbox 405 2185 460 2220; x_wconf 87' lang='lat' dir='ltr'>esse</span> <span class='ocrx_word' id='word_1_122' title='bbox 472 2179 608 2219; x_wconf 82' lang='lat' dir='ltr'>testentur.</span> <span class='ocrx_word' id='word_1_123' title='bbox 623 2167 678 2219; x_wconf 90' lang='lat' dir='ltr'>Nu·</span> <span class='ocrx_word' id='word_1_124' title='bbox 720 2164 850 2237; x_wconf 81' lang='lat' dir='ltr'>procedit.</span> <span class='ocrx_word' id='word_1_125' title='bbox 863 2165 914 2220; x_wconf 89' lang='lat' dir='ltr'>Sed</span> <span class='ocrx_word' id='word_1_126' title='bbox 927 2167 996 2219; x_wconf 90' lang='lat' dir='ltr'>nibil</span> <span class='ocrx_word' id='word_1_127' title='bbox 1007 2167 1094 2220; x_wconf 87' lang='lat' dir='ltr'>obstat</span> <span class='ocrx_word' id='word_1_128' title='bbox 1108 2165 1172 2237; x_wconf 88' lang='lat' dir='ltr'>quin</span> <span class='ocrx_word' id='word_1_129' title='bbox 1184 2181 1231 2236; x_wconf 92' lang='lat' dir='ltr'>po·</span> 
     </span>
     <span class='ocr_line' id='line_1_18' title="bbox 169 2237 1231 2317; baseline -0.002 -19"><span class='ocrx_word' id='word_1_130' title='bbox 169 2263 241 2316; x_wconf 80' lang='lat' dir='ltr'>perte</span> <span class='ocrx_word' id='word_1_131' title='bbox 259 2243 321 2298; x_wconf 82' lang='lat' dir='ltr'>edd.</span> <span class='ocrx_word' id='word_1_132' title='bbox 335 2265 461 2317; x_wconf 74' lang='lat' dir='ltr'>peperere,</span> <span class='ocrx_word' id='word_1_133' title='bbox 477 2265 554 2300; x_wconf 85' lang='lat' dir='ltr'>sensu</span> <span class='ocrx_word' id='word_1_134' title='bbox 569 2245 678 2300; x_wconf 81' lang='lat' dir='ltr'>criden·</span> <span class='ocrx_word' id='word_1_135' title='bbox 721 2247 774 2298; x_wconf 88' lang='lat' dir='ltr'>tius</span> <span class='ocrx_word' id='word_1_136' title='bbox 784 2237 870 2300; x_wconf 83' lang='lat' dir='ltr'>dieas:</span> <span class='ocrx_word' id='word_1_137' title='bbox 886 2273 897 2294; x_wconf 80' lang='grc' dir='ltr'>ι</span> <span class='ocrx_word' id='word_1_138' title='bbox 911 2246 1049 2300; x_wconf 80' lang='lat' dir='ltr'>benefacta</span> <span class='ocrx_word' id='word_1_139' title='bbox 1057 2245 1231 2311; x_wconf 81' lang='lat' dir='ltr'>extollebant,</span> 
     </span>
     <span class='ocr_line' id='line_1_19' title="bbox 168 2324 1230 2398; baseline -0.001 -20"><span class='ocrx_word' id='word_1_140' title='bbox 168 2325 280 2378; x_wconf 79' lang='lat' dir='ltr'>tissime.</span> <span class='ocrx_word' id='word_1_141' title='bbox 296 2324 347 2378; x_wconf 87' lang='lat' dir='ltr'>Sed</span> <span class='ocrx_word' id='word_1_142' title='bbox 365 2345 419 2378; x_wconf 89' lang='lat' dir='ltr'>non</span> <span class='ocrx_word' id='word_1_143' title='bbox 436 2327 481 2379; x_wconf 93' lang='lat' dir='ltr'>hic</span> <span class='ocrx_word' id='word_1_144' title='bbox 496 2327 578 2398; x_wconf 78' lang='lat' dir='ltr'>magis</span> <span class='ocrx_word' id='word_1_145' title='bbox 592 2327 678 2379; x_wconf 79' lang='lat' dir='ltr'>offen·</span> <span class='ocrx_word' id='word_1_146' title='bbox 722 2339 748 2379; x_wconf 90' lang='lat' dir='ltr'>et</span> <span class='ocrx_word' id='word_1_147' title='bbox 757 2324 1104 2398; x_wconf 69' lang='lat' dir='ltr'>aiebant...magnitudinem</span> <span class='ocrx_word' id='word_1_148' title='bbox 1115 2324 1230 2388; x_wconf 70' lang='lat' dir='ltr'>auxisset</span> 
     </span>
     <span class='ocr_line' id='line_1_20' title="bbox 170 2402 1230 2478; baseline -0.001 -22"><span class='ocrx_word' id='word_1_149' title='bbox 170 2403 212 2456; x_wconf 91' lang='lat' dir='ltr'>dit</span> <span class='ocrx_word' id='word_1_150' title='bbox 222 2423 273 2478; x_wconf 89' lang='lat' dir='ltr'>pro</span> <span class='ocrx_word' id='word_1_151' title='bbox 292 2405 420 2458; x_wconf 73' lang='lat' dir='ltr'>indicativo</span> <span class='ocrx_word' id='word_1_152' title='bbox 434 2405 578 2476; x_wconf 75' lang='lat' dir='ltr'>irfiaitirus,</span> <span class='ocrx_word' id='word_1_153' title='bbox 599 2423 678 2478; x_wconf 86' lang='lat' dir='ltr'>qnam</span> <span class='ocrx_word' id='word_1_154' title='bbox 721 2405 818 2458; x_wconf 62' lang='lat' dir='ltr'>aulam</span> <span class='ocrx_word' id='word_1_155' title='bbox 832 2423 923 2478; x_wconf 82' lang='lat' dir='ltr'>quoque</span> <span class='ocrx_word' id='word_1_156' title='bbox 944 2424 1075 2477; x_wconf 85' lang='lat' dir='ltr'>nusquam</span> <span class='ocrx_word' id='word_1_157' title='bbox 1098 2402 1230 2476; x_wconf 83' lang='lat' dir='ltr'>Lepidum</span> 
     </span>
     <span class='ocr_line' id='line_1_21' title="bbox 170 2483 1229 2558; baseline -0.001 -22"><span class='ocrx_word' id='word_1_158' title='bbox 170 2485 200 2537; x_wconf 86' lang='lat' dir='ltr'>in</span> <span class='ocrx_word' id='word_1_159' title='bbox 209 2485 336 2538; x_wconf 82' lang='lat' dir='ltr'>sexcentis</span> <span class='ocrx_word' id='word_1_160' title='bbox 347 2483 462 2538; x_wconf 75' lang='lat' dir='ltr'>Sallustii</span> <span class='ocrx_word' id='word_1_161' title='bbox 473 2486 552 2552; x_wconf 85' lang='lat' dir='ltr'>locis;</span> <span class='ocrx_word' id='word_1_162' title='bbox 561 2504 610 2539; x_wconf 88' lang='lat' dir='ltr'>nec</span> <span class='ocrx_word' id='word_1_163' title='bbox 623 2487 678 2558; x_wconf 85' lang='lat' dir='ltr'>ejus</span> <span class='ocrx_word' id='word_1_164' title='bbox 721 2485 986 2557; x_wconf 81' lang='lat' dir='ltr'>progressum,etiam</span> <span class='ocrx_word' id='word_1_165' title='bbox 995 2497 1160 2555; x_wconf 86' lang='lat' dir='ltr'>tum,-quum</span> <span class='ocrx_word' id='word_1_166' title='bbox 1173 2483 1229 2554; x_wconf 86' lang='lat' dir='ltr'>pri·</span> 
     </span>
     <span class='ocr_line' id='line_1_22' title="bbox 170 2562 1282 2637; baseline 0 -22"><span class='ocrx_word' id='word_1_167' title='bbox 170 2564 335 2635; x_wconf 85' lang='lat' dir='ltr'>loquutionis</span> <span class='ocrx_word' id='word_1_168' title='bbox 347 2577 468 2618; x_wconf 81' lang='lat' dir='ltr'>naturam</span> <span class='ocrx_word' id='word_1_169' title='bbox 476 2579 562 2618; x_wconf 84' lang='lat' dir='ltr'>mutat</span> <span class='ocrx_word' id='word_1_170' title='bbox 570 2564 677 2620; x_wconf 80' lang='lat' dir='ltr'>adverb.</span> <span class='ocrx_word' id='word_1_171' title='bbox 721 2578 780 2618; x_wconf 79' lang='lat' dir='ltr'>vata</span> <span class='ocrx_word' id='word_1_172' title='bbox 802 2585 875 2618; x_wconf 86' lang='lat' dir='ltr'>arma</span> <span class='ocrx_word' id='word_1_173' title='bbox 898 2562 1080 2637; x_wconf 80' lang='lat' dir='ltr'>opprimendae</span> <span class='ocrx_word' id='word_1_174' title='bbox 1103 2563 1231 2616; x_wconf 80' lang='lat' dir='ltr'>libertatis</span> <span class='ocrx_word' id='word_1_175' title='bbox 1278 2579 1282 2584; x_wconf 83' lang='lat'><em>·</em></span> 
     </span>
     <span class='ocr_line' id='line_1_23' title="bbox 171 2643 1229 2718; baseline -0.002 -22"><span class='ocrx_word' id='word_1_176' title='bbox 171 2645 279 2710; x_wconf 71' lang='lat' dir='ltr'>ironia,</span> <span class='ocrx_word' id='word_1_177' title='bbox 294 2644 391 2698; x_wconf 82' lang='lat' dir='ltr'>seilicet.</span> <span class='ocrx_word' id='word_1_178' title='bbox 409 2645 478 2698; x_wconf 84' lang='lat' dir='ltr'>Nam</span> <span class='ocrx_word' id='word_1_179' title='bbox 493 2646 617 2715; x_wconf 84' lang='lat' dir='ltr'>Gortins,</span> <span class='ocrx_word' id='word_1_180' title='bbox 634 2647 679 2718; x_wconf 90' lang='lat' dir='ltr'>qui</span> <span class='ocrx_word' id='word_1_181' title='bbox 722 2663 795 2697; x_wconf 81' lang='lat' dir='ltr'>eausa</span> <span class='ocrx_word' id='word_1_182' title='bbox 808 2645 928 2717; x_wconf 77' lang='lat' dir='ltr'>cepisset.</span> <span class='ocrx_word' id='word_1_183' title='bbox 943 2675 984 2687; x_wconf 94' lang='lat'>-</span> <span class='ocrx_word' id='word_1_184' title='bbox 998 2643 1160 2716; x_wconf 72' lang='lat' dir='ltr'>nusquam...</span> <span class='ocrx_word' id='word_1_185' title='bbox 1170 2662 1229 2714; x_wconf 87' lang='lat' dir='ltr'>pro·</span> 
     </span>
     <span class='ocr_line' id='line_1_24' title="bbox 171 2723 1231 2796; baseline -0.002 -20"><span class='ocrx_word' id='word_1_186' title='bbox 171 2723 262 2776; x_wconf 79' lang='lat' dir='ltr'>scilieet</span> <span class='ocrx_word' id='word_1_187' title='bbox 282 2723 311 2775; x_wconf 88' lang='lat' dir='ltr'>in</span> <span class='ocrx_word' id='word_1_188' title='bbox 329 2727 389 2776; x_wconf 78' lang='lat' dir='ltr'>scire</span> <span class='ocrx_word' id='word_1_189' title='bbox 410 2725 479 2788; x_wconf 80' lang='lat' dir='ltr'>lieet,</span> <span class='ocrx_word' id='word_1_190' title='bbox 502 2726 626 2791; x_wconf 83' lang='lat' dir='ltr'>resolvit,</span> <span class='ocrx_word' id='word_1_191' title='bbox 650 2739 680 2779; x_wconf 92' lang='lat' dir='ltr'>ut</span> <span class='ocrx_word' id='word_1_192' title='bbox 721 2745 836 2795; x_wconf 76' lang='lat' dir='ltr'>gressum.</span> <span class='ocrx_word' id='word_1_193' title='bbox 858 2725 919 2777; x_wconf 87' lang='lat' dir='ltr'>Non</span> <span class='ocrx_word' id='word_1_194' title='bbox 940 2743 973 2776; x_wconf 88' lang='lat' dir='ltr'>eo</span> <span class='ocrx_word' id='word_1_195' title='bbox 995 2741 1180 2796; x_wconf 76' lang='lat' dir='ltr'>progressum,</span> <span class='ocrx_word' id='word_1_196' title='bbox 1200 2733 1231 2775; x_wconf 90' lang='lat' dir='ltr'>nt</span> 
     </span>
     <span class='ocr_line' id='line_1_25' title="bbox 171 2803 1229 2878; baseline -0.002 -22"><span class='ocrx_word' id='word_1_197' title='bbox 171 2803 350 2874; x_wconf 73' lang='lat' dir='ltr'>intelligatur,</span> <span class='ocrx_word' id='word_1_198' title='bbox 365 2807 425 2858; x_wconf 84' lang='lat' dir='ltr'>seire</span> <span class='ocrx_word' id='word_1_199' title='bbox 441 2806 532 2859; x_wconf 76' lang='lat' dir='ltr'>lieet...</span> <span class='ocrx_word' id='word_1_200' title='bbox 546 2809 677 2878; x_wconf 78' lang='lat' dir='ltr'>peperisse,</span> <span class='ocrx_word' id='word_1_201' title='bbox 722 2805 827 2858; x_wconf 83' lang='lat' dir='ltr'>rebellia</span> <span class='ocrx_word' id='word_1_202' title='bbox 838 2803 1029 2858; x_wconf 82' lang='lat' dir='ltr'>rideretnr.-</span> <span class='ocrx_word' id='word_1_203' title='bbox 1042 2803 1143 2855; x_wconf 80' lang='lat' dir='ltr'>Privata</span> <span class='ocrx_word' id='word_1_204' title='bbox 1153 2821 1229 2855; x_wconf 81' lang='lat' dir='ltr'>erma.</span> 
     </span>
     <span class='ocr_line' id='line_1_26' title="bbox 172 2881 1231 2958; baseline 0.001 -23"><span class='ocrx_word' id='word_1_205' title='bbox 172 2901 227 2936; x_wconf 86' lang='lat' dir='ltr'>non</span> <span class='ocrx_word' id='word_1_206' title='bbox 249 2881 361 2936; x_wconf 78' lang='lat' dir='ltr'>smndit</span> <span class='ocrx_word' id='word_1_207' title='bbox 380 2882 414 2937; x_wconf 83' lang='lat' dir='ltr'>ad</span> <span class='ocrx_word' id='word_1_208' title='bbox 435 2884 629 2939; x_wconf 79' lang='lat' dir='ltr'>nominativum</span> <span class='ocrx_word' id='word_1_209' title='bbox 644 2891 678 2948; x_wconf 86' lang='lat' dir='ltr'>ii,</span> <span class='ocrx_word' id='word_1_210' title='bbox 723 2885 803 2938; x_wconf 82' lang='lat' dir='ltr'>Arma</span> <span class='ocrx_word' id='word_1_211' title='bbox 823 2903 882 2958; x_wconf 80' lang='lat' dir='ltr'>quae</span> <span class='ocrx_word' id='word_1_212' title='bbox 904 2885 1008 2956; x_wconf 82' lang='lat' dir='ltr'>privato</span> <span class='ocrx_word' id='word_1_213' title='bbox 1028 2881 1156 2950; x_wconf 84' lang='lat' dir='ltr'>consilio,</span> <span class='ocrx_word' id='word_1_214' title='bbox 1176 2901 1231 2936; x_wconf 88' lang='lat' dir='ltr'>non</span> 
     </span>
     <span class='ocr_line' id='line_1_27' title="bbox 173 2960 1234 3038; baseline -0.001 -22"><span class='ocrx_word' id='word_1_215' title='bbox 173 2963 220 3034; x_wconf 87' lang='lat' dir='ltr'>qui</span> <span class='ocrx_word' id='word_1_216' title='bbox 233 2960 376 3017; x_wconf 84' lang='lat' dir='ltr'>mutandus</span> <span class='ocrx_word' id='word_1_217' title='bbox 387 2965 455 3017; x_wconf 83' lang='lat' dir='ltr'>foret</span> <span class='ocrx_word' id='word_1_218' title='bbox 461 2964 490 3017; x_wconf 91' lang='lat' dir='ltr'>in</span> <span class='ocrx_word' id='word_1_219' title='bbox 501 2983 556 3028; x_wconf 84' lang='lat' dir='ltr'>eos,·</span> <span class='ocrx_word' id='word_1_220' title='bbox 570 2983 682 3038; x_wconf 69' lang='lat' dir='ltr'>quom</span> <span class='ocrx_word' id='word_1_221' title='bbox 724 2983 756 3018; x_wconf 85' lang='lat' dir='ltr'>ex</span> <span class='ocrx_word' id='word_1_222' title='bbox 785 2965 1033 3018; x_wconf 86' lang='lat' dir='ltr'>senatus-consulto</span> <span class='ocrx_word' id='word_1_223' title='bbox 1047 3003 1055 3030; x_wconf 95' lang='lat'>,</span> <span class='ocrx_word' id='word_1_224' title='bbox 1077 2981 1164 3034; x_wconf 85' lang='lat' dir='ltr'>neque</span> <span class='ocrx_word' id='word_1_225' title='bbox 1187 2982 1234 3036; x_wconf 90' lang='lat' dir='ltr'>po-</span> 
     </span>
     <span class='ocr_line' id='line_1_28' title="bbox 173 3041 1234 3118; baseline -0.001 -23"><span class='ocrx_word' id='word_1_226' title='bbox 173 3041 368 3112; x_wconf 76' lang='lat' dir='ltr'>dolegivolunt</span> <span class='ocrx_word' id='word_1_227' title='bbox 377 3043 470 3098; x_wconf 83' lang='lat' dir='ltr'>Carrio</span> <span class='ocrx_word' id='word_1_228' title='bbox 477 3043 618 3115; x_wconf 78' lang='lat' dir='ltr'>etquidem</span> <span class='ocrx_word' id='word_1_229' title='bbox 627 3045 680 3098; x_wconf 83' lang='lat' dir='ltr'>alii.</span> <span class='ocrx_word' id='word_1_230' title='bbox 724 3045 781 3116; x_wconf 90' lang='lat' dir='ltr'>puli</span> <span class='ocrx_word' id='word_1_231' title='bbox 792 3048 865 3117; x_wconf 84' lang='lat' dir='ltr'>jussu</span> <span class='ocrx_word' id='word_1_232' title='bbox 878 3057 1032 3118; x_wconf 84' lang='lat' dir='ltr'>sumpserat.</span> <span class='ocrx_word' id='word_1_233' title='bbox 1051 3076 1091 3086; x_wconf 89' lang='lat'>-</span> <span class='ocrx_word' id='word_1_234' title='bbox 1105 3043 1158 3096; x_wconf 87' lang='lat' dir='ltr'>Sibi</span> <span class='ocrx_word' id='word_1_235' title='bbox 1171 3047 1234 3115; x_wconf 85' lang='lat' dir='ltr'>quis·</span> 
     </span>
     <span class='ocr_line' id='line_1_29' title="bbox 173 3121 1233 3198; baseline 0 -24"><span class='ocrx_word' id='word_1_236' title='bbox 173 3121 683 3196; x_wconf 56' lang='lat' dir='ltr'>„Pmdaetmanmmuarropm-</span> <span class='ocrx_word' id='word_1_237' title='bbox 724 3145 789 3198; x_wconf 84' lang='lat' dir='ltr'>que,</span> <span class='ocrx_word' id='word_1_238' title='bbox 812 3137 862 3178; x_wconf 89' lang='lat' dir='ltr'>etc.</span> <span class='ocrx_word' id='word_1_239' title='bbox 883 3127 966 3189; x_wconf 86' lang='lat' dir='ltr'>Cato,</span> <span class='ocrx_word' id='word_1_240' title='bbox 981 3123 1009 3176; x_wconf 89' lang='lat' dir='ltr'>in</span> <span class='ocrx_word' id='word_1_241' title='bbox 1033 3123 1139 3177; x_wconf 89' lang='lat' dir='ltr'>Catilin.</span> <span class='ocrx_word' id='word_1_242' title='bbox 1159 3123 1233 3187; x_wconf 85' lang='lat' dir='ltr'>LII,</span> 
     </span>
     <span class='ocr_line' id='line_1_30' title="bbox 174 3199 1230 3276; baseline 0 -22"><span class='ocrx_word' id='word_1_243' title='bbox 174 3199 681 3276; x_wconf 79' lang='lat' dir='ltr'>dababeutnr.-()uippe...repetentes.</span> <span class='ocrx_word' id='word_1_244' title='bbox 724 3223 752 3258; x_wconf 92' lang='lat' dir='ltr'>n.</span> <span class='ocrx_word' id='word_1_245' title='bbox 769 3206 805 3258; x_wconf 83' lang='lat'>30</span> <span class='ocrx_word' id='word_1_246' title='bbox 819 3217 845 3258; x_wconf 85' lang='lat' dir='ltr'>et</span> <span class='ocrx_word' id='word_1_247' title='bbox 861 3205 915 3258; x_wconf 79' lang='lat'>31:</span> <span class='ocrx_word' id='word_1_248' title='bbox 936 3231 947 3251; x_wconf 72' lang='grc' dir='ltr'>ι</span> <span class='ocrx_word' id='word_1_249' title='bbox 961 3203 1017 3255; x_wconf 91' lang='lat' dir='ltr'>Ubi</span> <span class='ocrx_word' id='word_1_250' title='bbox 1033 3221 1078 3255; x_wconf 84' lang='lat' dir='ltr'>vos</span> <span class='ocrx_word' id='word_1_251' title='bbox 1091 3202 1230 3273; x_wconf 82' lang='lat' dir='ltr'>separatim</span> 
     </span>
     <span class='ocr_line' id='line_1_31' title="bbox 176 3281 1232 3355; baseline 0.001 -22"><span class='ocrx_word' id='word_1_252' title='bbox 176 3281 278 3354; x_wconf 83' lang='lat' dir='ltr'>Utpote</span> <span class='ocrx_word' id='word_1_253' title='bbox 292 3295 448 3354; x_wconf 82' lang='lat' dir='ltr'>repetentes.</span> <span class='ocrx_word' id='word_1_254' title='bbox 465 3283 534 3350; x_wconf 84' lang='lat' dir='ltr'>Quia</span> <span class='ocrx_word' id='word_1_255' title='bbox 549 3296 681 3355; x_wconf 84' lang='lat' dir='ltr'>repetunt.</span> <span class='ocrx_word' id='word_1_256' title='bbox 725 3284 776 3337; x_wconf 88' lang='lat' dir='ltr'>sibi</span> <span class='ocrx_word' id='word_1_257' title='bbox 790 3284 901 3355; x_wconf 89' lang='lat' dir='ltr'>quisque</span> <span class='ocrx_word' id='word_1_258' title='bbox 915 3282 1056 3335; x_wconf 88' lang='lat' dir='ltr'>eonsilium</span> <span class='ocrx_word' id='word_1_259' title='bbox 1070 3282 1176 3353; x_wconf 84' lang='lat' dir='ltr'>capitis,</span> <span class='ocrx_word' id='word_1_260' title='bbox 1186 3282 1232 3334; x_wconf 86' lang='lat' dir='ltr'>ubi</span> 
     </span>
    </p>

    <p class='ocr_par' dir='ltr' id='par_1_7' title="bbox 175 3353 1237 4074">
     <span class='ocr_line' id='line_1_32' title="bbox 215 3353 1233 3434; baseline -0.002 -19"><span class='ocrx_word' id='word_1_261' title='bbox 215 3363 243 3415; x_wconf 82' lang='lat'>8.</span> <span class='ocrx_word' id='word_1_262' title='bbox 268 3361 360 3432; x_wconf 80' lang='lat' dir='ltr'>Populi</span> <span class='ocrx_word' id='word_1_263' title='bbox 382 3367 475 3416; x_wconf 82' lang='lat' dir='ltr'>romani</span> <span class='ocrx_word' id='word_1_264' title='bbox 498 3363 683 3432; x_wconf 72' lang='lat' dir='ltr'>magnitudinem</span> <span class='ocrx_word' id='word_1_265' title='bbox 726 3353 1233 3434; x_wconf 77' lang='lat' dir='ltr'>domivoluptatibus,hicpecuninaut</span> 
     </span>
     <span class='ocr_line' id='line_1_33' title="bbox 175 3440 1234 3515; baseline 0 -21"><span class='ocrx_word' id='word_1_266' title='bbox 175 3445 278 3494; x_wconf 70' lang='lat' dir='ltr'>ausisse.</span> <span class='ocrx_word' id='word_1_267' title='bbox 291 3443 400 3494; x_wconf 82' lang='lat' dir='ltr'>Auctam</span> <span class='ocrx_word' id='word_1_268' title='bbox 412 3443 599 3508; x_wconf 78' lang='lat' dir='ltr'>esse3utCato</span> <span class='ocrx_word' id='word_1_269' title='bbox 613 3441 684 3515; x_wconf 83' lang='lat' dir='ltr'>apud</span> <span class='ocrx_word' id='word_1_270' title='bbox 725 3443 814 3514; x_wconf 75' lang='lat' dir='ltr'>gratiae</span> <span class='ocrx_word' id='word_1_271' title='bbox 834 3441 953 3505; x_wconf 82' lang='lat' dir='ltr'>servitis,</span> <span class='ocrx_word' id='word_1_272' title='bbox 970 3459 1002 3493; x_wconf 90' lang='lat' dir='ltr'>eo</span> <span class='ocrx_word' id='word_1_273' title='bbox 1018 3440 1049 3492; x_wconf 82' lang='lat' dir='ltr'>fit</span> <span class='ocrx_word' id='word_1_274' title='bbox 1072 3451 1101 3492; x_wconf 93' lang='lat' dir='ltr'>ut</span> <span class='ocrx_word' id='word_1_275' title='bbox 1120 3441 1234 3512; x_wconf 86' lang='lat' dir='ltr'>impetus</span> 
     </span>
     <span class='ocr_line' id='line_1_34' title="bbox 176 3519 1234 3591; baseline -0.001 -18"><span class='ocrx_word' id='word_1_276' title='bbox 176 3523 208 3573; x_wconf 81' lang='grc' dir='ltr'>Α.</span> <span class='ocrx_word' id='word_1_277' title='bbox 228 3521 298 3574; x_wconf 86' lang='lat' dir='ltr'>Gell.</span> <span class='ocrx_word' id='word_1_278' title='bbox 322 3539 413 3586; x_wconf 79' lang='lat' dir='ltr'>xvrrr,</span> <span class='ocrx_word' id='word_1_279' title='bbox 432 3540 465 3575; x_wconf 78' lang='lat' dir='ltr'>ra</span> <span class='ocrx_word' id='word_1_280' title='bbox 482 3540 489 3574; x_wconf 72' lang='grc' dir='ltr'><strong><em>ε</em></strong></span> <span class='ocrx_word' id='word_1_281' title='bbox 509 3541 537 3574; x_wconf 89' lang='lat' dir='ltr'>eo</span> <span class='ocrx_word' id='word_1_282' title='bbox 552 3541 588 3574; x_wconf 81' lang='lat' dir='ltr'>res</span> <span class='ocrx_word' id='word_1_283' title='bbox 603 3543 684 3575; x_wconf 86' lang='lat' dir='ltr'>eorum</span> <span class='ocrx_word' id='word_1_284' title='bbox 726 3523 773 3575; x_wconf 86' lang='lat' dir='ltr'>liat</span> <span class='ocrx_word' id='word_1_285' title='bbox 784 3521 813 3575; x_wconf 88' lang='lat' dir='ltr'>in</span> <span class='ocrx_word' id='word_1_286' title='bbox 825 3539 935 3574; x_wconf 83' lang='lat' dir='ltr'>vacuam</span> <span class='ocrx_word' id='word_1_287' title='bbox 950 3519 1149 3591; x_wconf 81' lang='lat' dir='ltr'>rempublicam.</span> <span class='ocrx_word' id='word_1_288' title='bbox 1165 3546 1176 3566; x_wconf 77' lang='grc' dir='ltr'>ι</span> <span class='ocrx_word' id='word_1_289' title='bbox 1193 3551 1234 3562; x_wconf 89' lang='grc'>-</span> 
     </span>
     <span class='ocr_line' id='line_1_35' title="bbox 176 3599 1233 3674; baseline 0.001 -22"><span class='ocrx_word' id='word_1_290' title='bbox 176 3604 254 3653; x_wconf 73' lang='lat' dir='ltr'>ausit.</span> <span class='ocrx_word' id='word_1_291' title='bbox 266 3600 310 3654; x_wconf 88' lang='lat' dir='ltr'>Sic</span> <span class='ocrx_word' id='word_1_292' title='bbox 324 3619 392 3673; x_wconf 70' lang='lat' dir='ltr'>supe</span> <span class='ocrx_word' id='word_1_293' title='bbox 405 3615 512 3655; x_wconf 85' lang='lat' dir='ltr'>noster:</span> <span class='ocrx_word' id='word_1_294' title='bbox 528 3605 613 3664; x_wconf 78' lang='lat' dir='ltr'>uertit,</span> <span class='ocrx_word' id='word_1_295' title='bbox 627 3621 684 3654; x_wconf 86' lang='lat' dir='ltr'>eoa·</span> <span class='ocrx_word' id='word_1_296' title='bbox 728 3600 859 3655; x_wconf 81' lang='lat' dir='ltr'>Consilium</span> <span class='ocrx_word' id='word_1_297' title='bbox 865 3601 987 3674; x_wconf 78' lang='lat' dir='ltr'>pullicum</span> <span class='ocrx_word' id='word_1_298' title='bbox 993 3612 1155 3672; x_wconf 74' lang='lat' dir='ltr'>corruperunt.</span> <span class='ocrx_word' id='word_1_299' title='bbox 1164 3599 1233 3653; x_wconf 76' lang='lat' dir='ltr'>Eite-</span> 
     </span>
     <span class='ocr_line' id='line_1_36' title="bbox 178 3679 1234 3754; baseline 0 -22"><span class='ocrx_word' id='word_1_300' title='bbox 178 3685 263 3741; x_wconf 78' lang='lat' dir='ltr'>eerrit,·</span> <span class='ocrx_word' id='word_1_301' title='bbox 276 3679 388 3734; x_wconf 86' lang='lat' dir='ltr'>subaud.</span> <span class='ocrx_word' id='word_1_302' title='bbox 404 3701 437 3734; x_wconf 89' lang='lat' dir='ltr'>se.</span> <span class='ocrx_word' id='word_1_303' title='bbox 452 3682 575 3735; x_wconf 76' lang='lat' dir='ltr'>Ceterum</span> <span class='ocrx_word' id='word_1_304' title='bbox 589 3683 685 3737; x_wconf 80' lang='lat' dir='ltr'>volunt</span> <span class='ocrx_word' id='word_1_305' title='bbox 726 3695 820 3736; x_wconf 84' lang='lat' dir='ltr'>cerunt</span> <span class='ocrx_word' id='word_1_306' title='bbox 834 3695 865 3736; x_wconf 91' lang='lat' dir='ltr'>ut</span> <span class='ocrx_word' id='word_1_307' title='bbox 875 3680 1027 3754; x_wconf 72' lang='lat' dir='ltr'>reipublice</span> <span class='ocrx_word' id='word_1_308' title='bbox 1036 3680 1104 3732; x_wconf 86' lang='lat' dir='ltr'>male</span> <span class='ocrx_word' id='word_1_309' title='bbox 1113 3679 1234 3732; x_wconf 86' lang='lat' dir='ltr'>consule·</span> 
     </span>
     <span class='ocr_line' id='line_1_37' title="bbox 176 3757 1235 3832; baseline 0 -20"><span class='ocrx_word' id='word_1_310' title='bbox 176 3757 370 3824; x_wconf 78' lang='lat' dir='ltr'>boc,aueiere,</span> <span class='ocrx_word' id='word_1_311' title='bbox 386 3757 502 3832; x_wconf 83' lang='lat' dir='ltr'>pendere</span> <span class='ocrx_word' id='word_1_312' title='bbox 513 3779 528 3813; x_wconf 87' lang='lat' dir='ltr'>a</span> <span class='ocrx_word' id='word_1_313' title='bbox 540 3763 623 3816; x_wconf 83' lang='lat' dir='ltr'>verbo</span> <span class='ocrx_word' id='word_1_314' title='bbox 641 3781 684 3814; x_wconf 74' lang='lat' dir='ltr'>ee·</span> <span class='ocrx_word' id='word_1_315' title='bbox 726 3773 809 3816; x_wconf 84' lang='lat' dir='ltr'>retur.</span> <span class='ocrx_word' id='word_1_316' title='bbox 826 3759 947 3816; x_wconf 69' lang='lat' dir='ltr'>&amp;cunda</span> <span class='ocrx_word' id='word_1_317' title='bbox 958 3779 1019 3832; x_wconf 85' lang='lat' dir='ltr'>pars</span> <span class='ocrx_word' id='word_1_318' title='bbox 1032 3757 1135 3832; x_wconf 87' lang='lat' dir='ltr'>periodi</span> <span class='ocrx_word' id='word_1_319' title='bbox 1151 3759 1235 3812; x_wconf 80' lang='lat' dir='ltr'>inhia</span> 
     </span>
     <span class='ocr_line' id='line_1_38' title="bbox 179 3839 1234 3914; baseline 0.002 -24"><span class='ocrx_word' id='word_1_320' title='bbox 179 3840 311 3902; x_wconf 80' lang='lat' dir='ltr'>tollebant,</span> <span class='ocrx_word' id='word_1_321' title='bbox 332 3841 385 3893; x_wconf 88' lang='lat' dir='ltr'>boe</span> <span class='ocrx_word' id='word_1_322' title='bbox 398 3839 499 3894; x_wconf 88' lang='lat' dir='ltr'>modo:</span> <span class='ocrx_word' id='word_1_323' title='bbox 518 3863 528 3884; x_wconf 74' lang='lat' dir='ltr'>u</span> <span class='ocrx_word' id='word_1_324' title='bbox 549 3841 684 3896; x_wconf 74' lang='lat' dir='ltr'>benefacta</span> <span class='ocrx_word' id='word_1_325' title='bbox 726 3841 815 3896; x_wconf 78' lang='lat' dir='ltr'>verbis</span> <span class='ocrx_word' id='word_1_326' title='bbox 824 3842 932 3914; x_wconf 88' lang='lat' dir='ltr'>incipit:</span> <span class='ocrx_word' id='word_1_327' title='bbox 942 3841 996 3896; x_wconf 81' lang='lat' dir='ltr'>Sibi</span> <span class='ocrx_word' id='word_1_328' title='bbox 1004 3845 1175 3913; x_wconf 71' lang='lat' dir='ltr'>quisqueopes,</span> <span class='ocrx_word' id='word_1_329' title='bbox 1184 3852 1234 3892; x_wconf 89' lang='lat' dir='ltr'>etc.</span> 
     </span>
     <span class='ocr_line' id='line_1_39' title="bbox 177 3917 1236 3992; baseline 0 -20"><span class='ocrx_word' id='word_1_330' title='bbox 177 3919 357 3987; x_wconf 78' lang='lat' dir='ltr'>extollebant,</span> <span class='ocrx_word' id='word_1_331' title='bbox 378 3932 405 3973; x_wconf 87' lang='lat' dir='ltr'>et</span> <span class='ocrx_word' id='word_1_332' title='bbox 422 3921 567 3973; x_wconf 67' lang='lat' dir='ltr'>extollebant</span> <span class='ocrx_word' id='word_1_333' title='bbox 589 3917 634 3983; x_wconf 91' lang='lat' dir='ltr'>(i.</span> <span class='ocrx_word' id='word_1_334' title='bbox 658 3941 681 3975; x_wconf 86' lang='lat' dir='ltr'>e.</span> <span class='ocrx_word' id='word_1_335' title='bbox 769 3941 795 3992; x_wconf 89' lang='lat'>9.</span> <span class='ocrx_word' id='word_1_336' title='bbox 806 3925 922 3975; x_wconf 83' lang='lat' dir='ltr'>Attamen</span> <span class='ocrx_word' id='word_1_337' title='bbox 934 3933 987 3972; x_wconf 87' lang='lat' dir='ltr'>erat</span> <span class='ocrx_word' id='word_1_338' title='bbox 997 3919 1101 3992; x_wconf 73' lang='lat' dir='ltr'>Lepidm</span> <span class='ocrx_word' id='word_1_339' title='bbox 1112 3919 1236 3972; x_wconf 82' lang='lat' dir='ltr'>latro.Eo</span> 
     </span>
     <span class='ocr_line' id='line_1_40' title="bbox 176 3996 1237 4074; baseline -0.002 -21"><span class='ocrx_word' id='word_1_340' title='bbox 176 3996 384 4070; x_wconf 66' lang='lat' dir='ltr'>predicabant)</span> <span class='ocrx_word' id='word_1_341' title='bbox 407 3998 615 4072; x_wconf 70' lang='lat' dir='ltr'>magnitudinem</span> <span class='ocrx_word' id='word_1_342' title='bbox 638 4019 684 4056; x_wconf 85' lang='lat' dir='ltr'>au·</span> <span class='ocrx_word' id='word_1_343' title='bbox 727 4002 827 4057; x_wconf 81' lang='lat' dir='ltr'>scilicet</span> <span class='ocrx_word' id='word_1_344' title='bbox 845 4015 965 4074; x_wconf 85' lang='lat' dir='ltr'>tempore</span> <span class='ocrx_word' id='word_1_345' title='bbox 976 4041 984 4070; x_wconf 93' lang='lat'>,</span> <span class='ocrx_word' id='word_1_346' title='bbox 996 4017 1050 4072; x_wconf 79' lang='lat' dir='ltr'>quo</span> <span class='ocrx_word' id='word_1_347' title='bbox 1062 3999 1237 4072; x_wconf 85' lang='lat' dir='ltr'>primurnar·</span> 
     </span>
    </p>
   </div>
   <div class='ocr_carea' id='block_1_7' title="bbox 0 0 1481 4666">
    <p class='ocr_par' dir='ltr' id='par_1_8' title="bbox 0 0 1481 4666">
     <span class='ocr_line' id='line_1_41' title="bbox 0 0 1481 4666; baseline 0 0"><span class='ocrx_word' id='word_1_348' title='bbox 0 0 1481 4666; x_wconf 95' lang='lat' dir='ltr'> </span> 
     </span>
    </p>
   </div>
  </div>
 </body>
</html>
