2950 4648
682 165 687 191 l

468 370 537 436 nn
565 368 670 436 eur.
700 366 1032 436 enutriunt.
1202 369 1277 465 493

224 506 344 577 acerba
351 505 474 600 judicia
483 509 629 588 invocat,
642 508 758 601 quibus
770 509 882 576 civitas
900 522 1047 575 vastatur
1062 507 1164 600 magis
1178 535 1278 602 quam

226 615 419 708 corrigitur5
439 613 495 682 sed
513 616 559 682 uti
576 639 695 709 pravas
713 628 799 682 artes
817 613 982 707 molasque
999 613 1157 681 lubidines
1175 616 1216 682 ab
1227 619 1279 709 ju·

229 734 364 789 ventute
382 721 565 815 prohibeas.
581 721 631 789 Ea
648 745 727 788 vera
741 719 912 790 clementia
930 721 1005 806 erit,
1023 718 1222 788 consuluisse
1238 747 1279 790 ne

227 828 344 895 merito
368 829 454 896 cives
477 828 584 922 patria
604 825 867 922 expellerentur,
889 827 1058 894 retinuisse
1082 826 1124 893 ab
1146 827 1281 896 stultitia

229 948 263 1001 et
284 931 372 1003 falsis
401 932 643 1028 voluptatibus3
671 957 802 1027 pacem,
833 932 1042 1001 concordiam
1067 931 1282 1020 stabilivisse3

228 1064 311 1125 non,
334 1040 379 1126 si,
397 1038 527 1134 flagitiis
547 1040 764 1132 obsequutus,
784 1037 901 1106 delicta
923 1063 1118 1133 perpessus,
1140 1064 1282 1134 praesens

230 1144 385 1239 gaudium
405 1170 480 1214 cum
501 1171 578 1214 mox
593 1144 705 1214 futuro
724 1144 811 1214 malo
826 1146 1032 1213 concesseris.

281 1254 359 1320 VII.
374 1254 422 1321 Ac
437 1253 517 1320 mihi
530 1253 674 1340 animus,
684 1253 801 1346 quibus
813 1251 909 1320 rebus
920 1250 973 1318 alii
987 1253 1117 1335 timent,
1131 1275 1283 1320 maxume

131 1349 137 1356 ¹
229 1356 332 1426 fretus
345 1371 413 1443 est,
428 1361 552 1453 negotii
560 1359 799 1453 magnitudine,
813 1372 846 1426 et
855 1355 946 1452 quia'
958 1358 1019 1425 trbi
1030 1371 1125 1425 terrae
1137 1371 1169 1424 et
1181 1358 1283 1425 maria

230 1461 327 1532 simul
346 1464 456 1532 omnia
470 1465 699 1560 componenda
712 1479 796 1534 sunt.
812 1465 945 1558 Quippe
959 1489 1010 1532 res
1025 1487 1142 1555 parvas
1156 1477 1284 1530 tantum

229 1569 397 1663 ingenium
412 1572 571 1665 attingere
582 1574 696 1666 nequit
708 1598 715 1638 ε
726 1596 852 1664 magna
862 1594 949 1637 ourae
961 1593 1081 1662 magna
1092 1591 1216 1636 merces
1226 1582 1284 1636 est.

141 1677 154 1782 '⁸
229 1675 337 1768 Igitur
359 1677 531 1770 provideas
551 1693 700 1772 oportet,
721 1679 768 1746 uti
786 1674 912 1768 plebes,
931 1673 1155 1767 largitionibus
1173 1688 1205 1742 ct
1226 1699 1286 1766 pu·

230 1779 317 1848 blico
333 1781 499 1850 frumento
517 1782 704 1876 corrupta²,
723 1782 842 1852 hubent
863 1781 992 1874 negotia
1015 1803 1092 1866 sua,
1114 1780 1232 1872 quibus
1244 1779 1286 1846 ab

230 1885 318 1954 malo
340 1887 473 1981 publico
495 1889 679 1956 detinentur
692 1887 867 1979 :juventus
885 1885 1039 1979 probitati
1058 1899 1091 1953 et
1105 1885 1287 1972 industriae,

231 2017 299 2059 non
318 1993 498 2082 sumtibus,
520 2019 626 2088 neque
649 1994 787 2078 divitie,
806 1991 943 2060 studeat
967 1990 1005 2058 ld
1028 1993 1071 2057 ita
1095 1992 1239 2076 eveniet,
1261 1993 1287 2058 si

232 2101 397 2191 pecuniae,
415 2125 487 2194 quoe
509 2124 662 2168 maxuma
683 2101 829 2168 omnium
855 2097 1014 2190 pernicies
1035 2110 1101 2180 est,
1124 2121 1218 2163 usum
1240 2111 1287 2164 at·
1333 2151 1339 2164 .

230 2220 296 2298 que
317 2205 417 2274 decus
436 2205 601 2275 demseris.
621 2206 707 2271 Nam
725 2229 810 2296 saepe
830 2227 892 2296 ego
908 2227 983 2269 cum
1006 2203 1115 2268 animo
1136 2227 1210 2270 meo
1234 2226 1287 2270 re-

232 2325 377 2404 putans,
404 2312 522 2404 quibus
546 2310 683 2403 quisque
707 2307 805 2376 rebus
834 2306 913 2375 clari
938 2308 999 2373 viri
1031 2307 1290 2400 magnitudinem

233 2417 455 2503 invenissent,
476 2440 549 2509 quae
571 2440 623 2483 res
650 2414 790 2509 populos
813 2415 1003 2482 nationesve
1025 2415 1153 2507 magnis
1178 2429 1290 2484 aucto-

233 2625 272 2677 ri'a
295 2625 418 2678 licentius
449 2625 610 2697 liberiusque
639 2627 742 2679 futuros
784 2626 834 2697 legi
852 2625 935 2680 velint
951 2624 1178 2696 expellantur;sed
1191 2626 1291 2678 nullam

234 2701 385 2758 credebaut.
407 2738 447 2747 -
471 2707 514 2758 Ea
537 2727 597 2758 veru
620 2707 741 2758 clementia
786 2707 967 2760 auctoritatem
981 2707 1104 2759 afferunt.

235 2787 286 2835 erit.
300 2785 361 2836 Nou
373 2785 416 2836 bie
430 2785 515 2854 egitur
528 2783 562 2837 do
577 2786 697 2837 &mentia
713 2786 741 2837 in
827 2786 891 2839 Cer.
908 2787 971 2838 VII.
990 2805 1013 2838 1.
1029 2787 1066 2838 Et
1080 2789 1153 2857 quib,
1170 2798 1219 2839 etc.
1234 2785 1291 2836 Hoc

237 2859 323 2912 hostes
332 2863 454 2929 Coesaris,
462 2863 507 2916 sed
519 2863 546 2916 iu
558 2863 743 2936 eosdemipsos
786 2885 848 2918 cum
863 2865 1077 2919 antecedentibus
1086 2868 1167 2936 junge
1180 2884 1186 2917 :
1206 2891 1216 2912 ι
1228 2866 1292 2916 Ani·

238 2938 367 2990 homines.
390 2940 532 2995 Nonnullae
552 2943 613 2997 edd.
634 2965 662 2996 ea
685 2965 743 2996 uero
787 2965 845 2998 mus
861 2965 934 2998 meus
945 2945 1057 2998 maxime
1068 2946 1150 2997 fretus
1164 2955 1203 2996 est
1216 2961 1294 3012 nego·

240 3017 361 3070 clementia
374 3021 426 3069 erit.
444 3017 542 3071 Forsan
556 3021 642 3084 bene,
658 3025 680 3072 si
697 3023 743 3072 ad·
788 3027 819 3074 tii
835 3023 1033 3092 magnitudine,
1054 3037 1081 3073 et
1097 3040 1129 3073 eo
1150 3019 1220 3092 quod
1243 3023 1292 3073 tibi

238 3097 311 3150 verb.
326 3117 383 3149 veru
403 3098 532 3168 intelligas
546 3111 632 3152 autem.
647 3132 687 3142 —
706 3101 745 3153 Ne
788 3113 864 3152 terrac
875 3114 901 3152 et
913 3101 995 3152 maria
1005 3099 1188 3170 componenda
1199 3113 1287 3153 sunt..

241 3179 745 3248 meritocivespatriaexpellermtur.·Tunc
788 3177 868 3244 Quod
878 3198 1026 3242 monemus,
1037 3179 1100 3249 quia
1108 3181 1188 3249 vulgo
1197 3181 1232 3232 ito
1241 3179 1292 3232 dis·

240 3254 347 3308 demum
368 3257 482 3310 clemens
503 3258 570 3314 eris,
591 3259 612 3310 si
636 3259 745 3310 remita
789 3258 934 3327 tinguitur,
947 3271 976 3310 ut
985 3258 1293 3328 phrasis‚quia....com-

242 3337 398 3401 constituas,
410 3350 439 3388 ut
452 3357 485 3389 ne
500 3337 570 3389 cives
582 3355 613 3388 ea
628 3337 747 3388 commit·
785 3335 896 3407 ponenda
910 3349 978 3398 sunt,
989 3338 1115 3405 jungatur
1126 3355 1186 3388 cum
1200 3355 1293 3407 mogun

242 3427 315 3481 tant,
328 3417 363 3468 ob
379 3435 437 3488 quar
453 3416 547 3468 merito
564 3415 648 3488 patria
662 3416 747 3486 expel-
790 3435 852 3466 curae
866 3433 954 3483 magua
977 3433 1061 3465 merces
1075 3427 1118 3468 est.
1134 3417 1193 3466 Jam
1213 3416 1295 3469 inter-

242 3495 340 3548 lentur.
360 3521 370 3542 n
390 3496 471 3567 Atqui
488 3494 562 3548 adid
577 3514 644 3567 saepe
659 3495 747 3566 adige·
789 3496 960 3566 punctionem
976 3507 1091 3547 nostram
1106 3495 1206 3564 recepit
1221 3497 1306 3549 Com.-

241 3573 340 3627 bautur
355 3587 466 3645 egestate
484 3589 510 3629 et
529 3577 644 3632 avaritie.
658 3577 747 3646 Vulgo
832 3595 857 3627 a.
884 3573 1063 3643 Largitionibus
1086 3586 1111 3625 et
1126 3575 1222 3645 publico
1237 3578 1296 3642 fru-

241 3654 339 3725 legitor
359 3659 484 3717 immerito,
507 3655 579 3727 quod
603 3668 641 3710 est
657 3668 749 3710 contra
792 3667 868 3706 mento
887 3666 1006 3726 corrupto.
1026 3653 1134 3707 Suetou.
1154 3655 1208 3706 Jul.
1226 3673 1270 3707 xm
1287 3675 1294 3708 ε

243 3751 356 3787 sensum.
372 3735 526 3788 Ciacconius
538 3749 564 3788 et
575 3735 687 3788 Ursinus
701 3749 749 3788 tes·
796 3761 806 3784 ι
819 3737 904 3788 Cesar
913 3753 943 3788 ex
954 3734 1049 3804 viginti
1056 3735 1229 3804 trecentisque
1236 3735 1295 3787 mil-

231 3814 749 3886 ¹tauturlibrosscriptoshaberemeritu-
792 3815 861 3868 libus
886 3815 1069 3886 accipientium
1097 3816 1258 3867 frumentum
1283 3835 1297 3866 e

243 3891 316 3961 quod
327 3912 380 3945 uon
388 3913 511 3947 revocare
518 3893 659 3948 timidiorie
669 3895 750 3947 animi
793 3894 917 3966 publico,
933 3893 967 3948 ad
987 3907 1094 3950 centum
1109 3895 1299 3966 quinquaginta

246 3970 345 4028 fuisset.
363 3973 466 4038 Iidem,
489 3993 540 4048 pro
564 3975 748 4048 expellerentur,
794 3974 911 4028 retraxit.
932 3999 943 4022 ι
983 4029 992 4048 .
