2950 4646
205 445 275 542 198
437 445 475 513 o.
504 443 692 512 emsrr
726 397 1036 513 slnnusrrt'

198 603 298 674 quam
316 575 377 646 illis
399 575 554 645 accidisse
571 574 760 670 indignum;
782 599 899 644 verum
917 575 1149 670 quaestionibus
1166 591 1200 648 et
1215 577 1263 646 in·

198 685 284 757 dicio
303 686 402 779 ipsius
410 687 429 753 J
432 681 591 778 ugurthae.
610 683 678 771 Qui
687 684 713 751 si
721 681 886 751 dedititius
899 667 991 770 est¹⁸,
1001 681 1150 778 profeoto
1162 686 1273 777 jussis-

199 792 316 860 vestris
327 790 484 860 obediens
495 791 572 858 erit:
586 791 635 858 sin
647 811 686 857 ea
698 790 895 878 contemnit,
904 787 1027 859 scilieet
1037 791 1265 879 aestumabitis,

200 897 304 993 qualis
322 895 465 992 illapax,
477 911 535 966 aut
548 895 669 966 deditio
687 897 743 985 sit,
756 921 795 965 ex
814 921 879 990 qua
891 896 933 966 ad
950 897 1151 992 Jugurtham
1169 895 1265 967 scele-

200 1030 274 1073 rum
288 1003 528 1100 impunitas,ad
539 1027 662 1099 paucos
673 1028 835 1072 maxumae
845 1003 1018 1092 divitiae,in
1028 1002 1265 1099 rempublicam

200 1111 337 1199 damna,
355 1111 518 1181 dedecora
542 1112 761 1206 pervenerint.
787 1112 859 1180 Nisi
887 1109 972 1180 forte
996 1109 1145 1180 nondum
1166 1111 1266 1180 etiam

200 1242 260 1288 vos
281 1217 512 1288 dominationis
534 1243 650 1288 eorum
669 1219 800 1287 satietas
818 1231 928 1306 tenet3
942 1232 977 1286 et
994 1215 1066 1306 illa,
1079 1243 1179 1313 quam
1194 1217 1266 1286 boto

200 1339 369 1420 tempora,
387 1327 492 1420 magis
513 1323 646 1420 placent
656 1323 690 1413 ¹⁹,
699 1349 803 1419 quum
817 1349 939 1419 regna,
954 1327 1149 1420 provinciae,
1162 1323 1267 1419 leges,

197 1429 317 1527 jura²⁰,
332 1431 468 1526 judicia,
488 1430 591 1520 bella,
612 1455 727 1527 paces,
749 1445 917 1526 postremo
939 1431 1049 1500 divina
1067 1447 1101 1501 et
1121 1432 1268 1500 humana

201 1540 312 1607 omnia
329 1563 431 1632 penes
445 1562 570 1632 paucos
589 1551 705 1606 erant:
724 1553 931 1626 vosautem,
952 1537 1018 1608 hoc
1038 1552 1106 1624 est,
1125 1535 1269 1633 populus

201 1643 403 1732 romanus²¹,
420 1645 533 1713 invicti
548 1644 589 1713 ab
607 1644 775 1732 hostibus,
789 1647 1004 1740 imperatores
1022 1645 1170 1714 omnium
1189 1669 1270 1740 gen·

203 1754 307 1837 tium,
331 1751 408 1820 satis
431 1749 603 1820 habebatis
625 1753 769 1820 animam
792 1753 955 1820 retinere:
975 1775 1051 1820 nam
1076 1753 1269 1821 servitutem

202 1857 334 1952 quidem
353 1859 425 1952 quis
436 1871 584 1927 vestrum
602 1882 754 1929 recusare
769 1855 1052 1953 audebat?Aupre
1064 1883 1126 1954 ego
1134 1855 1171 1946 ²²,
1186 1872 1269 1928 tam·

248 2073 292 2126 ra.
310 2069 362 2140 Qui
374 2075 396 2124 si
412 2071 535 2124 dedititius
549 2083 592 2124 est.
613 2071 714 2125 Dilem·
759 2072 860 2126 tuerint
873 2091 961 2143 pacem
977 2069 1135 2134 seeundum,
1150 2089 1203 2142 qua
1217 2067 1271 2124 fide

204 2171 248 2204 ma
258 2169 264 2204 :
276 2153 330 2204 Aut
338 2171 415 2216 vera,
428 2165 473 2206 aut
485 2152 548 2205 falsa
557 2149 658 2205 deditio
667 2165 714 2206 est.
759 2164 786 2206 et
806 2152 907 2223 justitia
932 2171 975 2206 eae
993 2153 1134 2206 coluerint.
1151 2177 1163 2199 ι
1179 2150 1270 2204 Horat.

205 2231 234 2285 si
249 2250 326 2298 vera,
340 2233 429 2286 veniet
442 2229 575 2298 Numida,
588 2232 663 2284 vobis
675 2234 716 2302 ju·
759 2233 843 2304 Epist.
863 2252 895 2297 1,
914 2233 943 2299 3,
961 2250 995 2302 7:

205 2311 344 2378 bentibus,
356 2314 379 2366 tl
393 2313 472 2377 lulsa,
485 2329 540 2364 non
550 2312 654 2377 παίω
670 2309 716 2364 sed
786 2317 838 2368 Quis
845 2319 883 2357 eibi
890 2332 921 2357 res
930 2329 992 2372 germ
1001 2317 1176 2371 Augustinoribere
1185 2315 1258 2356 sumiti

205 2411 264 2446 100⁵
292 2412 324 2446 80
351 2393 408 2465 ipso
436 2405 542 2463 arguet,
567 2389 641 2464 quod
661 2409 716 2444 ῃοῃ
786 2387 839 2428 Belle
847 2390 890 2442 quit
899 2399 917 2428 et
921 2387 1061 2442 perlongum
1069 2387 1163 2428 diffundit
1171 2385 1272 2428 tumul

205 2473 316 2526 venerit.
803 2489 848 2524 ar.
869 2470 920 2521 Vos
940 2481 1029 2532 autem,
1045 2469 1089 2521 lroc
1108 2481 1157 2530 est,
1169 2469 1273 2544 populus

250 2569 293 2621 19.
307 2549 366 2605 Nisa·
370 2553 486 2618 forte.....
497 2551 555 2612 itta,
570 2570 640 2624 quam
652 2553 714 2612 lroee,
761 2569 880 2602 romanus.
905 2549 1014 2603 Plebem
1042 2549 1205 2622 alloquitur;
1226 2547 1272 2601 sed

208 2643 314 2702 tempora
334 2633 410 2700 magis
427 2633 531 2702 placent.
548 2631 612 2683 Im
627 2649 633 2683 t
651 2643 718 2684 tem·
762 2647 815 2702 quo
831 2633 943 2701 majores
959 2629 999 2682 illi
1012 2626 1092 2682 addat
1106 2630 1222 2693 mimos,
1238 2628 1274 2681 al·

206 2729 273 2781 pora
300 2710 484 2762 Gracchorum
508 2727 600 2762 necem
626 2727 719 2762 conse·
761 2708 880 2780 loquitur
898 2722 1023 2780 tanquam
1041 2721 1113 2762 totus
1125 2710 1228 2780 populeo
1242 2726 1274 2760 ee

208 2801 306 2860 quota,
318 2807 377 2860 quo
391 2807 441 2859 per
454 2787 624 2861 tyrannidem
641 2789 719 2842 nobi·
762 2788 804 2841 sit.
816 2788 908 2853 Qualis
919 2808 983 2842 vero
995 2789 1129 2861 populus?
1139 2789 1273 2841 Romanus

207 2869 288 2922 litatis
306 2869 444 2939 plebisque
465 2869 618 2922 servitutem
634 2881 719 2922 trans·
762 2867 870 2921 scilieet.
879 2868 951 2941 Ergo
964 2869 1076 2922 Romani
1087 2869 1231 2934 illi‚inor’ctr'
1242 2868 1274 2920 ab

208 2949 272 3004 iere.
286 2947 350 3000 Hm
360 2959 481 3020 :tempus
495 2947 562 3013 hoe,
578 2967 632 3019 quo
645 2949 720 3019 plebe
763 2947 877 3012 hostibus,
886 2952 1036 3020 imperatorer
1045 2953 1149 3001 omnium
1157 2953 1271 3019 pentima,

209 3029 288 3099 erigit
302 3027 417 3092 animos,
429 3027 631 3099 libertatemque
646 3047 721 3082 usur·
763 3027 815 3098 ipsi
829 3030 961 3081 serviunt!
983 3029 1124 3094 Serviunt3
1145 3030 1200 3082 imo
1225 3030 1274 3081 ob·

141 3146 144 3156 .
209 3125 274 3181 pare
296 3109 382 3179 ooepit
402 3108 461 3160 Jem
476 3107 547 3161 enim
567 3107 650 3160 libera
664 3121 720 3175 est,
763 3107 871 3161 noxiam
885 3109 1000 3164 inimicis
1016 3109 1130 3162 animm
1146 3108 1192 3162 rix
1211 3109 1274 3164 reti·

209 3207 293 3260 quum
313 3187 416 3240 tribuni
430 3188 471 3242 aui
486 3206 578 3242 vocem
596 3185 721 3242 exaudire
764 3188 846 3241 nentl

209 3269 301 3340 possit.
807 3287 854 3321 aa.
868 3267 950 3341 Atque
964 3289 1017 3340 ege.
1033 3268 1168 3324 Trmeitio
1183 3267 1218 3323 ad
1232 3287 1276 3340 pe·

254 3367 297 3402 ao.
317 3349 406 3419 Leges,
420 3350 487 3419 juro.
508 3348 563 3402 Ubi
581 3345 721 3421 ootijunota
764 3349 879 3401 ticulum
892 3347 966 3420 quod
981 3349 1117 3416 imminet,
1131 3349 1160 3402 ni
1175 3349 1276 3403 eoelesti

212 3443 275 3482 sunt
292 3430 348 3484 hec
367 3429 422 3482 duo
441 3429 583 3496 voeabula,
598 3431 660 3500 leges
680 3429 721 3482 in·
764 3428 970 3500 plectanturl-
977 3429 1036 3482 Nr'si
1048 3430 1216 3482 misericordie
1233 3427 1278 3482 Sie

211 3509 314 3580 tellige,
328 3528 386 3582 quae
395 3509 428 3562 ed
437 3510 588 3582 reipublicae
598 3509 723 3562 adminis-
765 3509 821 3562 lere
837 3509 918 3573 Cato,
928 3509 956 3562 in
967 3509 1045 3564 Catil.
1058 3510 1126 3562 LII:
1142 3535 1154 3557 ι
1166 3509 1214 3561 Nu
1227 3507 1276 3562 iate

211 3589 352 3642 trationem
365 3591 513 3660 pertineam
523 3593 596 3659 jura,
614 3608 673 3661 quta
688 3587 722 3642 ad
765 3589 840 3642 vobis
854 3587 1028 3643 mansuetudo
1042 3603 1069 3642 et
1081 3585 1274 3652 misericordia,

211 3669 326 3736 privatae
340 3669 439 3722 civium
452 3669 593 3734 utilitates,
607 3682 634 3721 et
643 3667 723 3741 quid·
766 3669 794 3721 in
816 3670 948 3722 miseriam
966 3682 1059 3722 vertet.
1076 3695 1140 3718 ι-
1154 3669 1277 3740 Quantum

213 3746 281 3819 quid
297 3749 363 3820 juris
378 3743 583 3800 civilie'nomine
600 3767 722 3820 compre·
767 3753 951 3820 importunitati}
964 3749 1058 3804 hahent.
1074 3751 1129 3802 Pro
1147 3749 1277 3821 importu-

212 3827 348 3890 benditur.
360 3859 400 3872 —
413 3827 498 3888 Bella,
511 3847 591 3898 paces.
609 3829 675 3881 Belli
696 3841 723 3882 et
766 3831 857 3884 mista
865 3828 1049 3901 libidine,qun
1059 3831 1143 3884 scelus
1152 3830 1180 3882 in
1193 3845 1275 3881 omne

211 3908 285 3980 pacis
300 3907 448 3962 arbitrium.
462 3907 550 3968 Pares,
564 3907 661 3978 plurali
674 3927 722 3964 uu·
764 3911 914 3980 rapiuntur.
923 3911 1047 3962 -Purrur
1057 3923 1093 3962 est
1109 3914 1201 3980 r'arpwu
1215 3909 1278 3960 mle

213 3990 398 4053 tuero.Varro‚
407 3985 478 4058 apud
487 3987 621 4040 Nonium:
638 4013 649 4034 ι
660 3987 722 4040 Ani·
759 3990 854 4056 [σείσω.
869 3990 965 4044 Parnm
977 3991 1096 4044 contenti
1110 3989 1179 4042 male
1193 3989 1277 4041 leoto-

214 4065 434 4128 madvertendum
455 4069 572 4140 primum
582 4063 596 4132 ’,
625 4068 722 4139 quibus
765 4087 825 4121 rum
839 4069 1008 4140 impunitate,
1019 4089 1087 4126 nora
1101 4070 1210 4133 facient,
1223 4067 1277 4122 nisi

216 4143 251 4206 de
263 4147 347 4202 causis
356 4161 383 4203 et
392 4146 617 4220 quemadmodum
626 4148 723 4206 eonati·
764 4149 1060 4220 pmbibueritie.-Et
1069 4149 1148 4204 voto.
1161 4147 1218 4206 Sibi
1232 4147 1276 4202 in·

1454 776 1471 1193 l
