2938 4654
183 395 257 492 278
348 381 350 389 ’
442 399 479 466 c.
509 397 685 466 oarsrr
713 397 994 468 ssanusrn

182 529 306 600 cedunt
324 522 368 620 );
401 527 607 600 nobilitatem
634 527 744 600 locum
777 529 954 600 irrvadendi
979 553 1125 625 quaerere
1150 554 1157 596 :
1185 551 1253 622 quo

182 636 266 714 mibi
291 639 399 708 acrius
418 636 634 708 adnitendum
659 652 726 726 est,
744 652 783 706 ut
799 663 906 732 neque
928 663 990 708 ros
1008 637 1201 733 capiamini,
1220 648 1256 704 et

183 741 229 812 illi
262 743 385 814 frustra
415 746 489 814 sint.
521 747 574 814 Ita
603 743 644 814 ad
671 745 737 814 boe
766 747 869 816 aetatis
891 769 912 813 a
934 746 1076 844 pueritia
1104 727 1192 826 fui⁶,
1216 755 1256 810 ut

184 875 299 921 omnes
328 850 484 941 labores,
510 851 658 947 pericula
688 867 847 922 consueta
881 852 1030 922 habeam.
1062 852 1147 940 Quae
1176 863 1254 918 ante

181 971 295 1026 vestra
316 959 478 1029 beneficia
500 961 644 1056 gratuito
664 958 845 1047 faciebam,
864 961 983 1046 cauti,
1004 971 1141 1053 accepta
1162 980 1254 1028 mer·

184 1063 281 1152 cede,
301 1066 469 1153 deseram,
490 1092 558 1136 non
577 1082 627 1138 est
645 1065 835 1154 consilium,
855 1067 1012 1155 Quirites.
1032 1064 1101 1134 Illis
1119 1061 1255 1133 difficile

184 1173 285 1240 estin
304 1174 522 1268 potestatibus
549 1173 765 1268 temperare⁷,
783 1175 839 1266 qui
860 1197 921 1268 per
941 1172 1155 1242 ambitionem
1184 1193 1255 1240 sese

185 1279 309 1372 probos
328 1280 544 1350 simulavere:
560 1280 659 1368 mihi,
674 1282 730 1375 qui
751 1305 884 1349 omnem
906 1294 1036 1350 aetatem
1051 1281 1085 1348 in
1108 1278 1256 1373 optumis

185 1387 310 1454 artibus
327 1391 394 1482 egi,
412 1388 496 1456 bene
518 1387 627 1456 lacere
642 1387 711 1480 jam
729 1413 771 1456 ex
792 1386 1030 1458 consuetudine
1048 1387 1082 1470 in
1100 1399 1255 1454 naturam

185 1495 294 1562 vertit.
310 1494 436 1564 Bellum
447 1521 501 1564 me
513 1519 626 1588 gerere
640 1519 717 1564 cum
729 1497 748 1562 J
750 1495 894 1589 ugurtha
904 1494 1062 1588 jussistis,
1072 1516 1171 1587 quam
1183 1515 1257 1560 rem

187 1597 340 1669 nobilitas
365 1625 546 1696 aegerrume
567 1600 650 1672 tulit.
679 1603 826 1690 Quaeso,
846 1583 1017 1696 reputate⁸
1040 1625 1116 1670 cum
1138 1599 1257 1668 animis

189 1801 525 1856 mmmdcc-Procedant.
533 1803 616 1857 Utilia
625 1815 699 1868 sunt,
742 1802 819 1855 bellae
828 1801 983 1868 animantes,
991 1801 1147 1869 Luserataa‘rre,
1157 1817 1254 1869 1x,17:

190 1900 317 1953 prospere
324 1881 431 1936 cedunt,
443 1883 564 1936 Modesto
573 1884 701 1955 interppe.
744 1885 796 1926 laeur
803 1885 847 1924 bien
856 1884 1085 1940 premilrementetpuis
1092 1882 1156 1922 lamal
1164 1881 1256 1922 d'aatrni.

191 1973 262 2014 tatur
281 1962 351 2027 sihi,
366 1983 421 2016 non
437 1965 473 2016 ob
488 1983 515 2017 se
528 1964 635 2036 ipsum,
655 1963 702 2017 sed
786 1967 813 2016 6.
825 1963 866 2014 Ita
874 1961 1086 2014 adhaereretis...
1091 1963 1142 2028 firi.
1153 1961 1192 2013 Ita
1201 1959 1257 2014 huc

191 2042 226 2094 ob
242 2043 450 2114 rempublicam,
461 2045 547 2098 bonos
558 2045 702 2097 sarcre-
745 2061 828 2114 usque
842 2043 924 2095 vitam
941 2042 992 2113 egi.
1009 2044 1078 2096 Rara
1092 2041 1208 2107 looutio,
1221 2045 1257 2093 ita

191 2123 332 2176 Invadendr'.
345 2121 435 2177 Posset
447 2123 583 2178 subaudiri
596 2144 702 2178 aecusa-
740 2125 784 2191 sai
791 2163 798 2186 ,
816 2135 844 2176 et
858 2123 945 2175 obiter
958 2119 1199 2174 animadvertenda.
1216 2151 1258 2166 -

192 2201 239 2256 tir.
255 2223 307 2265 me,·
321 2202 367 2256 sed
380 2217 487 2276 prestat
500 2206 619 2258 absolute
634 2206 703 2258 aeci·
748 2205 812 2274 Quae
818 2202 1062 2273 gratuitofacr'edam.
1071 2202 1127 2256 Cio.
1136 2220 1187 2273 pro
1198 2201 1262 2254 Mu·

192 2301 264 2353 pere.
274 2285 313 2335 De
322 2285 458 2341 nobilibus
471 2283 634 2351 enim,utde
644 2285 704 2338 hos·
746 2303 826 2348 rena,
846 2301 920 2336 vara:
940 2309 951 2330 a
963 2281 1032 2335 Nam
1048 2301 1132 2354 quum
1149 2281 1259 2354 promia

192 2362 278 2429 tibus,
299 2365 434 2436 loquitur,
453 2367 500 2438 qui
522 2377 704 2438 opportunum
746 2363 813 2416 mibi
830 2376 903 2418 tanta
917 2382 969 2435 pro
984 2363 1033 2415 bac
1050 2361 1180 2416 industria
1196 2375 1260 2416 sunt

129 2507 130 2510 Ἴ
192 2441 281 2496 hostes
305 2443 476 2517 aggrediendi
499 2461 604 2518 tempas
632 2464 704 2517 quar·
747 2443 1017 2515 data,quantaantea
1029 2441 1258 2507 nemini31abores

193 2535 272 2588 runt,
284 2521 293 2583 (
304 2526 456 2577 n'attendeat
469 2547 514 2598 qus
529 2527 551 2578 le
564 2538 667 2578 moment
675 2525 705 2577 de
747 2543 796 2596 per
806 2541 873 2594 quos
886 2541 915 2576 ea
927 2523 1044 2595 ceperis,
1054 2541 1138 2594 quum
1146 2520 1259 2595 adeptus

194 2601 342 2674 l'attaque).
359 2607 440 2676 Atqui
456 2625 511 2658 non
530 2606 647 2660 Marium
665 2625 706 2659 so·
748 2601 953 2674 sindeponere,
969 2617 1036 2656 esset
1047 2603 1164 2656 bominis
1178 2603 1260 2656 mmai

193 2682 266 2747 lum,
282 2681 327 2736 sed
349 2697 432 2738 totam
453 2687 558 2756 plebem
577 2687 705 2757 impetere
748 2696 775 2740 et
789 2684 919 2755 ingrati.»
935 2683 1077 2736 Servatam
1086 2685 1192 2736 fueram
1201 2701 1261 2736 rer·

193 2761 297 2816 volunt.
314 2764 446 2828 Quocirca
458 2764 551 2818 addit:
566 2767 625 2818 milri
637 2767 707 2818 adrai-
747 2765 781 2818 ba
805 2764 901 2828 Marii,
916 2776 947 2816 ut
964 2765 1059 2817 Cicero
1082 2762 1260 2817 meminerit?

195 2842 290 2894 tendam
306 2855 342 2894 est
358 2864 388 2896 ae
399 2865 444 2897 vos
454 2849 595 2915 capiamini,
608 2845 636 2899 id
651 2858 705 2912 est,
749 2864 782 2898 aa
796 2843 933 2898 Sallustius
947 2844 1104 2897 Ciceronem
1117 2843 1261 2897 imitatur?

194 2926 369 2992 opprimamini.
392 2923 441 2977 His
457 2923 589 2996 signifieat
605 2945 632 2979 se
649 2945 705 2980 non
748 2943 782 2978 an
791 2923 907 2996 denique
919 2922 1011 2977 eadem
1021 2943 1063 2977 res
1073 2921 1192 2977 eamdem
1201 2943 1261 2977 ora·

194 3001 316 3066 sibi,sed
329 3003 432 3057 civibus
447 3005 517 3070 suis,
533 3005 636 3058 timere.
654 3005 705 3058 Ca·
748 3003 1260 3074 tionemsubiiciti—DesemmAEodem

191 3085 296 3154 pirmini
310 3081 428 3154 ejsudem
448 3085 627 3138 translationis
649 3099 705 3154 est,
748 3104 826 3138 sensu
845 3103 898 3156 quo
917 3103 997 3156 supra
1018 3085 1128 3150 Cicero,
1143 3084 1260 3155 dcponm

194 3181 274 3232 quam
291 3165 426 3217 rnandadi.
438 3165 492 3231 Qui
503 3165 575 3218 euim
588 3163 704 3233 invadit,
749 3165 859 3228 labores:
873 3165 925 3218 nisi
940 3162 1013 3235 quod
1028 3163 1088 3235 plus
1104 3162 1204 3236 aliquid
1219 3177 1261 3218 est

195 3244 253 3294 vult
268 3262 369 3316 capere.
384 3246 455 3299 Cave
470 3245 552 3317 igitur
563 3265 597 3299 ne
611 3265 705 3300 voeem
747 3246 776 3298 in
789 3245 914 3308 deseram
929 3244 1004 3317 quasi
1018 3242 1102 3310 dicat,
1113 3264 1168 3297 non
1178 3245 1261 3297 deser-

194 3327 325 3394 capr'crmr'm'
335 3343 396 3378 oum
409 3326 546 3380 nonnullis
559 3326 704 3398 intelligas,
749 3337 787 3376 tor
806 3345 852 3378 ero
863 3325 984 3392 virtutis,
993 3326 1068 3395 eujus
1081 3337 1180 3378 tantam
1191 3343 1262 3379 mer-

194 3403 351 3474 decipr'amirn'.
366 3439 407 3448 -
422 3407 506 3480 Neque
521 3425 604 3460 uos...
622 3419 646 3458 et
659 3407 703 3460 tttt.
748 3404 839 3460 oedem
853 3425 868 3458 a
880 3405 962 3458 vobis'
970 3405 1068 3475 accepi.

193 3483 228 3536 Et
249 3504 296 3538 vos
317 3505 372 3538 non
394 3487 552 3558 capiamini,
572 3501 598 3540 et
614 3487 654 3539 illi
671 3485 706 3538 de
791 3505 817 3556 7.
834 3487 864 3539 Ia
873 3485 1032 3556 potestatibus
1048 3499 1184 3555 temperare.
1201 3484 1260 3538 Sibi

194 3583 241 3640 sua
258 3583 305 3636 spe
319 3563 487 3637 dejiciantur.
508 3567 567 3619 Hoc
581 3585 666 3619 unum
679 3578 706 3618 et
750 3577 920 3637 temperare,
941 3584 1024 3637 quum
1046 3565 1189 3636 imperium
1211 3564 1260 3617 ba-

194 3641 266 3697 idem
283 3663 338 3698 esse
350 3645 472 3710 videtur,
485 3645 531 3698 sed
544 3658 632 3700 tamen
646 3645 706 3702 duas
748 3647 821 3699 bent.
835 3679 876 3690 -
887 3647 953 3698 Bene
964 3647 1088 3714 screare...
1106 3649 1132 3697 r'n
1146 3657 1258 3698 autuman

194 3743 236 3777 res
251 3739 319 3778 sunt.
333 3725 405 3778 llinc
417 3727 476 3778 vult
487 3725 592 3796 plebem
609 3727 642 3778 ab
655 3727 705 3778 im·
749 3730 832 3780 uertit.
841 3727 972 3797 Ergonon
981 3723 1062 3778 modo
1069 3725 1260 3792 necessarium,

194 3817 257 3874 peta
266 3807 397 3859 nobilium
407 3817 491 3858 tutam
501 3806 652 3871 esse;illinc
660 3825 707 3858 no·
750 3805 796 3859 sed
808 3807 888 3858 etiam
900 3806 1008 3859 facileet
1016 3823 1132 3877 pronum
1148 3817 1202 3872 est,
1210 3807 1260 3859 bo-

193 3884 260 3938 biles
276 3885 316 3939 ira
333 3899 360 3940 et
376 3883 558 3958 indignatione
571 3887 706 3958 torqueri,
750 3905 797 3940 nas
812 3897 880 3939 artes
893 3887 920 3938 in
934 3885 1071 3938 consulatu
1082 3886 1207 3938 retinere.

193 3967 387 4036 exspectatione
404 3986 450 4020 sna
466 3963 609 4019 fraudatos.
624 3965 708 4037 Optat
792 3965 819 4018 8.
830 3967 934 4034 Quaeso,
946 3977 1065 4037 reputate.
1076 3977 1127 4020 etc.
1138 3965 1189 4018 llic
1200 3985 1264 4037 pro-

195 4042 248 4097 auis
260 4045 407 4102 fautoribus
418 4046 489 4102 idem
501 4044 574 4118 quod
586 4045 653 4099 vafri
668 4047 706 4098 la·
750 4046 814 4099 bare
827 4045 990 4118 aggreditur,
1006 4065 1061 4098 non
1076 4045 1264 4118 paenitendum
