2950 4648
138 341 210 434 492
450 337 518 407 AD
545 337 583 408 C.
612 335 882 407 CAESAREM

138 477 300 548 tollendus
318 478 495 548 foenerator
523 482 557 548 in
582 495 768 574 posterum,
797 483 846 548 uti
875 501 948 547 suas
977 477 1112 571 quisque
1139 501 1193 545 res

140 611 301 654 curemus.
321 587 369 652 Ea
388 609 465 653 vera
483 601 581 680 atque
594 585 732 681 simplex
750 589 803 655 via
817 601 883 670 est,
897 584 1122 678 magistratum
1137 608 1194 676 po

140 690 238 783 pulo,
265 715 331 758 non
341 690 527 779 creditori,
548 718 677 788 gerere,
703 708 735 761 et
759 690 1017 788 magnitudinem
1041 690 1141 757 animi
1156 691 1192 756 in

141 795 314 884 addendo,
334 822 401 866 non
415 797 577 869 demendo
597 797 783 893 reipublicae
802 797 984 868 ostendere.

193 904 251 970 VI.
271 907 378 998 Atque
397 929 458 998 ego
480 907 568 992 scio,
586 931 684 1000 quam
707 931 822 1001 aspera
835 906 906 974 haec
919 929 972 972 res
988 904 1021 970 in
1034 901 1194 996 principio

141 1007 252 1076 futura
270 1010 324 1094 sit,
343 1014 524 1105 praesertim
541 1014 596 1098 iis,
611 1015 667 1106 qui
688 1038 722 1081 se
738 1015 771 1080 in
786 1013 923 1082 victoria
938 1009 1087 1078 licentius
1109 1005 1193 1075 libe-

142 1114 289 1206 riusque,
299 1141 397 1210 quam
408 1121 545 1206 arctius,
556 1119 684 1188 futuros
696 1118 884 1188 credebant.
897 1119 1049 1204 Quorum
1062 1115 1088 1181 si
1100 1111 1194 1181 saluti

141 1220 267 1310 potius,
289 1247 388 1312 quam
410 1223 545 1287 lubidini
563 1225 728 1305 consules3
747 1217 883 1313 illosque
903 1245 1028 1314 nosque
1043 1234 1076 1287 et
1093 1219 1197 1287 socios

142 1325 175 1390 in
193 1349 274 1418 pace
300 1325 394 1394 firma
417 1328 604 1395 constitues,
633 1327 692 1393 Sin
713 1324 828 1393 eadem
850 1325 955 1394 studia
978 1341 1128 1418 artesque
1145 1325 1196 1416 ju-

142 1432 268 1499 ventuti
287 1447 401 1516 erunt,
422 1457 472 1502 nac
494 1433 555 1499 ista
572 1432 703 1525 egregia
723 1446 780 1499 tua
798 1432 885 1499 fama
901 1431 995 1500 simul
1018 1457 1093 1499 curn
1116 1429 1197 1497 urbe

143 1539 248 1605 Roma
276 1537 368 1635 brevi
392 1536 552 1606 concidet.
583 1539 754 1606 Postremo
779 1539 939 1633 sapientes
965 1539 1056 1631 pacis
1084 1559 1199 1604 caussa

143 1642 264 1710 bellum
280 1659 417 1735 gerunt,
432 1643 577 1710 laborem
592 1667 649 1737 spe
666 1647 722 1713 otii
738 1659 941 1713 sustentant:
959 1645 1020 1712 nisi
1035 1641 1123 1710 illam
1139 1641 1198 1709 fir·

144 1773 232 1814 mam
244 1749 361 1836 efficis,
371 1751 458 1817 vinci
467 1803 476 1836 ,
486 1773 528 1816 an
543 1750 672 1836 vicisse,
687 1751 766 1843 quid
780 1749 914 1818 retulit?
926 1751 1038 1838 Quare
1049 1773 1199 1842 capesse,

144 1879 204 1947 per
222 1853 321 1942 deos,
342 1854 598 1950 rempublicam,
618 1871 651 1924 et
666 1859 775 1925 omnia
790 1881 925 1952 aspera,
944 1857 992 1923 uti
1013 1853 1112 1940 solcs,
1126 1879 1200 1948 per·

143 1959 227 2027 rade
250 1982 415 2055 :namque
444 1977 501 2029 aut
523 1977 558 2030 tu
580 1962 705 2031 mederi
730 1979 841 2058 potes,
866 1977 924 2030 aut
949 1959 1129 2030 omittenda
1152 1973 1201 2028 est

145 2091 224 2134 cura
237 2067 398 2137 omnibus.
414 2071 530 2162 Neque
545 2071 717 2164 quisquam
732 2084 764 2138 te
779 2069 821 2138 ad
834 2069 981 2138 crudeles
997 2065 1128 2162 poenas¹
1145 2079 1202 2133 aut

147 2281 650 2355 rerer-ibussignificarepossit,iasortune
695 2284 859 2355 magistratus
880 2281 998 2336 officium
1013 2299 1090 2334 suum
1106 2276 1139 2330 ad
1152 2295 1202 2348 po·

146 2357 175 2406 dc
199 2359 276 2412 l’e'tor.
301 2363 408 2415 Cortius
434 2376 516 2416 totam
534 2364 652 2435 phrasim
694 2365 752 2435 puli
765 2360 1032 2430 utilitatem,nonad
1045 2355 1203 2412 solvendum

146 2452 222 2490 vocat
242 2444 350 2511 ineptius.
370 2445 466 2498 Wasse
488 2444 653 2515 suspicatur,
696 2445 749 2496 suis
769 2441 943 2496 creditoribus
960 2461 994 2494 aas
1009 2441 1140 2503 alienum,
1158 2456 1204 2507 ge·

147 2517 197 2567 olio
209 2539 280 2590 super
298 2523 349 2572 olto
367 2524 489 2584 cumulat,
507 2523 579 2593 quod
594 2541 653 2575 sen·
695 2537 771 2589 rant,
790 2541 869 2594 seque
892 2521 1044 2592 magnificos
1064 2515 1206 2578 ostendant

146 2598 234 2651 tentia
243 2619 350 2669 prorsus
361 2603 521 2654 contrarium
532 2616 585 2667 est;
596 2604 654 2668 vel,
697 2604 725 2655 in
745 2601 868 2664 ditanda,
885 2621 938 2654 non
957 2603 984 2653 in
1003 2595 1140 2672 spolianda
1161 2613 1205 2646 re-

145 2679 263 2729 veteribus
277 2680 442 2749 largitionibus
452 2682 557 2756 idlapud
562 2683 654 2752 plebem
696 2683 810 2753 publica.
823 2713 864 2726 -
879 2682 975 2735 Gerere.
992 2679 1118 2732 Absolute
1133 2674 1207 2747 posi·

146 2769 314 2827 assequuntur,
331 2764 518 2830 rrteaprcrturis
533 2773 556 2811 et
570 2781 654 2814 consu·
698 2775 769 2827 tum,
787 2777 816 2816 ut
832 2763 892 2832 Jug.
909 2761 1047 2822 LXXXV,
1065 2777 1092 2810 ¹¹·
1116 2777 1142 2825 9·
1165 2785 1207 2796 '¹'

147 2834 234 2885 latibus
249 2843 351 2907 sumptui
366 2851 390 2888 et
408 2839 502 2890 lrlrrdmr
519 2853 652 2909 suppetant.
698 2841 777 2906 Quod
788 2841 821 2894 ad
831 2860 887 2894 rem
896 2841 980 2911 ipsum
987 2839 1095 2896 attinet,
1105 2835 1205 2896 Cesar,

146 2911 198 2962 Sed
210 2911 280 2966 dicat
302 2917 356 2984 ipse
372 2916 444 2970 unde
458 2931 531 2988 petat
544 2920 654 2989 largitio·
699 2921 786 2992 inquit
811 2921 882 2973 Suet.
906 2937 974 2979 rur,
997 2942 1007 2961 ι
1027 2913 1061 2966 de
1084 2911 1205 2982 pecuniis

148 2991 223 3043 nibus.
246 2993 334 3044 Ceteri
355 3013 410 3046 non
439 2998 532 3047 melius
553 2997 654 3049 nodum
698 3001 814 3063 mutuis,
827 2996 934 3068 disjecta
953 3013 1084 3047 novarum
1104 2991 1205 3044 tabula-

149 3071 269 3135 solvunt3
286 3073 332 3142 qui
354 3074 441 3126 nullus
454 3076 508 3145 jam
528 3089 612 3145 esset,
634 3077 655 3130 si
697 3097 758 3130 rum
782 3077 1000 3148 exspectatione,
1023 3091 1082 3145 que
1112 3071 1206 3123 crebro

148 3163 322 3221 reponeretur
334 3153 428 3205 vocula
440 3174 501 3224 pro,
517 3175 575 3227 quae
589 3157 654 3209 mihi
699 3159 868 3220 movebatur,
886 3154 1002 3208 decrerit
1026 3150 1154 3213 tandem,
1175 3160 1207 3200 ut

149 3229 255 3283 ridetur
264 3229 406 3297 excidisse,
419 3232 456 3286 ita
467 3247 496 3286 ut
506 3236 555 3300 sit,
571 3257 607 3288 res
616 3257 658 3289 oo·
700 3237 832 3302 debitores
844 3233 1019 3288 creditoribus
1029 3231 1208 3296 satisfacerent

151 3331 191 3362 ras
201 3331 247 3378 pro
259 3313 376 3364 ueteribus
392 3317 502 3384 acquirit.
519 3316 576 3369 Nisi
588 3318 656 3370 forte
699 3337 748 3390 per
772 3316 971 3370 estimationem
990 3311 1207 3384 possessionum,

150 3392 229 3443 etiam
240 3393 351 3445 verbum
371 3398 487 3465 acquirit,
502 3395 519 3447 i.
533 3415 556 3448 c.
571 3400 658 3468 querit
700 3397 793 3468 quanti
812 3414 927 3467 quasque
942 3407 1001 3466 unte
1020 3391 1096 3445 civile
1109 3389 1208 3441 bellurn

150 3471 197 3528 od.
214 3471 250 3522 ita
271 3472 357 3543 capias
374 3485 404 3524 nt
424 3473 598 3545 intelligatur,
621 3497 657 3527 res
701 3468 1208 3547 comparmenffdeductosummaem

150 3551 370 3612 novar,subsidium
379 3553 508 3615 ueteribus,
518 3558 658 3624 quoerit.-
702 3557 793 3620 alieni,
814 3557 835 3608 si
852 3553 917 3626 quid
933 3571 1018 3606 usurae
1035 3549 1143 3604 nomine
1157 3565 1209 3598 nu·

154 3629 283 3682 Tollendus
291 3634 432 3698 funerator.
444 3633 513 3698 Quia
522 3634 566 3686 isti
574 3634 659 3687 homi·
702 3647 832 3688 meretum
846 3647 891 3687 ant
902 3632 1078 3706 perscriptum
1096 3628 1208 3691 fitium

150 3726 197 3759 nes
223 3707 387 3778 juventutem
412 3711 514 3784 perfida
536 3725 659 3767 mutuum
702 3735 754 3787 qua
783 3714 936 3768 conditione
958 3724 1049 3784 quarta
1072 3727 1133 3781 pars
1155 3707 1212 3758 lere
1242 3712 1244 3716 ’

152 3785 233 3838 dandi
248 3789 370 3845 facilitate
384 3791 416 3846 ad
430 3793 527 3845 nimios
540 3807 658 3865 sumptus
704 3794 797 3848 crediti
810 3794 964 3866 disperibat.
979 3819 990 3839 ι

152 3865 272 3920 invitant.
287 3903 327 3913 -
341 3873 513 3942 magistrarum
525 3875 659 3943 geretoEa
744 3877 808 3929 Car.
830 3876 879 3926 Vl.
905 3893 928 3926 1.
950 3871 997 3926 Ad
1008 3868 1212 3936 ooddopoe'm·

153 3962 215 4002 trra
236 3959 313 4018 atque
338 3951 449 4025 simplex
469 3954 512 4010 ria
532 3965 585 4024 est,
607 3972 660 4026 qua
704 3953 765 4010 scil.
782 3953 907 4014 adversus
929 3951 1031 4020 eosqui
1046 3967 1073 4000 se
1085 3946 1113 3998 iu
1127 3942 1213 4001 victo·
