2950 4646
226 403 297 492 148
477 408 516 474 C.
544 403 720 474 CRISPI
747 403 1026 473 SALLUSTII

221 562 350 633 magnae
373 537 514 626 divitie,
535 537 578 607 ad
602 537 668 606 hoc
693 538 743 606 vis
768 536 938 630 corporis,
964 533 1028 605 alie
1055 535 1286 628 hujuscemodi

221 648 332 716 omnia
363 645 459 716 brevi
485 642 677 719 dilabuntur
703 669 710 710 :
737 656 772 711 at
796 644 919 736 ingenii
947 643 1057 738 egre'
1100 629 1286 731 facinora³,

221 754 317 826 sicuti
348 753 479 838 anima,
501 749 700 820 immortalia
730 763 815 819 sunt
848 751 1021 819 Postremo
1069 751 1218 845 corporis
1251 765 1287 819 et

219 858 362 930 fortunae
387 858 577 946 bonorum,
603 870 642 926 ut
669 857 823 944 initium,
844 858 891 925 sio
911 856 986 926 finis
1010 869 1083 940 est3
1109 857 1286 951 omniaque
1394 881 1396 886 ’

220 979 294 1038 orta
316 965 491 1053 occidunt,
513 979 547 1034 et
567 978 663 1034 aucta
681 977 858 1034 senescunt
879 987 888 1029 t
907 965 1036 1033 animus
1054 964 1285 1058 incorruptus,

217 1087 379 1160 eternus,
395 1086 505 1140 rector
514 1071 652 1141 humani
665 1071 813 1164 generis,
827 1069 1006 1164 agitatque
1019 1069 1121 1138 habet
1135 1054 1285 1156 cuncta⁵,

215 1203 323 1273 neque
349 1180 419 1274 ipse
445 1178 596 1248 habetur.
623 1177 702 1265 Quo
728 1177 833 1271 magis
851 1160 1019 1270 pravitus⁶
1040 1201 1159 1245 eorum
1179 1175 1285 1246 admi·

214 1283 320 1354 rande
338 1298 404 1372 est,
422 1285 497 1377 qui,
515 1284 616 1353 dediti
637 1283 785 1376 corporis
808 1281 951 1376 gaudiis,
969 1306 1030 1376 per
1050 1281 1165 1354 luxum
1185 1297 1284 1378 atque

213 1392 379 1486 igrraviem
402 1404 533 1458 aetutem
557 1402 683 1483 agunt5
704 1401 852 1456 ceterum
879 1389 1064 1483 ingenium,
1082 1413 1149 1482 quo
1176 1413 1284 1483 neque

215 1497 361 1584 melius,
387 1519 494 1589 neque
516 1493 656 1588 amplius
682 1491 773 1563 aliud
796 1493 831 1561 in
850 1507 972 1563 natura
992 1492 1183 1562 mortalium
1210 1509 1284 1582 est,

215 1601 343 1672 incultu
356 1615 455 1694 atque
470 1599 618 1669 secordia
632 1613 820 1693 torpescere
834 1600 966 1669 sinunt:
980 1624 1083 1694 quum
1099 1603 1282 1695 praesertim

214 1723 283 1778 tom
298 1707 410 1777 multae
421 1707 584 1800 varieque
595 1706 661 1774 sint
672 1719 759 1774 artes
772 1706 892 1794 animi,
903 1706 1022 1802 quibus
1038 1731 1168 1776 summa
1187 1705 1282 1777 clari·

213 1813 296 1884 tudo
314 1827 459 1908 paratur.

265 1922 327 1989 III.
355 1921 484 1990 Verum
506 1943 547 1987 ex
567 1919 618 1987 his
642 1921 852 2014 magistratus
874 1933 907 1987 et
930 1920 1089 2014 imperia,
1111 1933 1282 2014 postremo

213 2028 320 2096 omnis
333 2051 414 2096 cura
431 2047 543 2095 rerum
557 2023 781 2120 publicarum,
795 2027 944 2096 minume
964 2025 1045 2095 mihi
1061 2025 1125 2097 huc
1139 2041 1281 2121 tempes-

254 2229 281 2282 3.
294 2228 390 2298 Ingenii
399 2229 498 2298 egregia
503 2227 625 2294 facinora.
637 2223 726 2291 Quid-
767 2225 790 2280 εἰ
802 2225 892 2279 omniu
904 2179 962 2280 haio
975 2225 1080 2279 homini
1094 2244 1175 2299 quoru
1189 2225 1284 2282 diutiu-

213 2307 280 2381 quid
285 2307 441 2379 praclarum
449 2306 569 2378 ingenio,
579 2307 597 2358 i.
607 2323 630 2358 et
642 2306 724 2358 enimi
768 2306 834 2360 sime
843 2306 989 2378 supersint,
998 2317 1086 2360 temen
1097 2325 1190 2361 eorum
1198 2307 1281 2363 finem

213 2389 316 2444 viribus
334 2387 458 2440 efficitur.
477 2387 539 2452 Quo
561 2387 589 2438 iu
611 2403 724 2438 numero
767 2385 838 2452 fore,
851 2386 916 2457 quia
928 2385 979 2439 tuit
990 2386 1105 2440 initium.
1122 2387 1191 2442 Nem
1204 2386 1285 2459 quid·

212 2481 275 2522 sunt
297 2486 353 2520 non
376 2465 458 2520 modo
485 2467 583 2537 scriptu
604 2466 725 2536 egregia,
767 2463 835 2537 quid
854 2466 994 2533 nuscitur,
1013 2465 1128 2532 occidte
1147 2466 1281 2539 quidquid

212 2549 315 2619 aliaque
328 2544 472 2617 ejusmodi3
483 2543 530 2598 ted
544 2546 622 2597 etiam
633 2563 724 2598 rerum
767 2557 896 2616 augetur,
911 2545 959 2600 ubi
970 2559 1077 2600 auctum
1089 2559 1143 2613 est,
1158 2548 1279 2602 seuercit.

212 2623 724 2700 publicorumcuraetbenegestimagis·
766 2624 830 2678 Huc
848 2625 943 2680 ultime
955 2625 1035 2680 hebes
1049 2627 1171 2698 pluribus
1190 2628 1280 2682 vertis

213 2719 306 2771 tratur,
313 2717 342 2758 ut
349 2702 493 2757 ostendunt
499 2716 722 2774 moxrequutura:
766 2705 795 2759 in
808 2704 899 2758 Senec.
911 2705 1019 2759 Consul.
1034 2704 1068 2759 ed
1085 2707 1169 2762 Maro.
1185 2725 1279 2763 xxm:

216 2813 228 2834 ι
239 2786 330 2850 Quum
341 2783 488 2855 presertim
504 2795 560 2834 tum
574 2783 663 2836 multo
677 2801 723 2836 ra·
770 2809 782 2833 «
795 2782 936 2855 Quidquid
949 2784 983 2839 ed
996 2787 1130 2840 summum
1141 2789 1283 2859 pervenit,

211 2863 372 2936 riaequesint
382 2862 723 2916 arteeonimi....Verumex
767 2861 801 2918 ed
820 2864 931 2917 exitium
945 2884 1029 2937 prope
1046 2877 1124 2920 ent...
1142 2867 1213 2920 Num
1230 2867 1280 2922 ubi

212 2944 255 2998 hir
268 2943 433 3014 magistratus
446 2953 474 2996 et
485 2941 612 3013 imper-iu,
626 2954 677 2995 ete.
692 2968 704 2990 ι
765 2942 929 2998 incremento
944 2945 1019 2998 locus
1034 2964 1090 2999 uon
1107 2946 1280 3011 conuicium

255 3029 282 3086 4.
295 3023 427 3074 Postremo.
445 3022 508 3074 Uno
522 3022 614 3076 verbo.
633 3045 671 3055 -
689 3022 725 3074 Ut
765 3041 872 3077 oocmuu
887 3035 964 3079 eet...
979 3026 1015 3080 Et
1028 3025 1129 3098 appetit
1139 3025 1214 3091 finit,
1229 3026 1279 3080 uhi

215 3105 307 3156 initium
315 3113 374 3168 ,ete
388 3101 515 3173 Corporis
521 3113 548 3155 et
555 3101 668 3154 fortuna
674 3103 724 3154 bo·
765 3103 928 3158 incrementa
940 3118 1096 3178 consumpta
1108 3118 1180 3159 sunt.
1194 3131 1206 3153 ι

213 3202 263 3248 na,
278 3182 342 3255 quia
358 3181 482 3247 initium,
496 3183 534 3234 sio
548 3182 628 3236 etiam
641 3181 724 3236 finem
808 3182 833 3236 ⁵.
848 3183 915 3254 Agit
929 3197 999 3258 utque
1016 3186 1088 3238 habet
1104 3197 1198 3240 cuncta.
1212 3185 1281 3257 Agit

212 3261 321 3316 hubent.
338 3261 420 3333 Atqui
435 3263 555 3333 corporis
568 3275 596 3316 et
610 3262 724 3336 fortuna
766 3274 864 3316 mmm:
875 3263 973 3318 Omnia
984 3263 1074 3333 ducit,
1083 3277 1188 3334 movet,
1200 3267 1281 3338 regit·

213 3343 434 3413 bonarumque
442 3343 497 3414 jam
509 3340 728 3415 dictupraeoluu.
765 3359 818 3414 que
832 3343 945 3398 arbitrio
959 3364 1016 3399 suo.
1033 3369 1071 3380 -
1085 3346 1176 3400 Habet.
1191 3347 1286 3399 Posui*

214 3423 308 3485 saciet,
326 3441 427 3494 magne
446 3420 561 3489 divitie,
573 3425 614 3476 vie
627 3439 723 3494 eorpo-
736 3429 741 3438 '
764 3419 884 3488 det,riuh
896 3421 998 3480 ditione
1008 3437 1089 3480 tenet.
1101 3425 1145 3480 ste
1157 3425 1279 3498 Jupiter,

213 3503 262 3566 ris,
277 3503 365 3556 etalio
379 3501 570 3574 hujuscemodi.
586 3493 678 3575 Itaqui
688 3502 723 3574 fi·
765 3500 846 3557 Ovid.
862 3502 927 3558 Met.
941 3521 970 3572 1,
989 3523 1065 3576 197:

215 3580 722 3654 nuut‚nouidemomninoeonut,quod
764 3587 843 3645 Quum
854 3588 1188 3654 mihi,quifuluieu,quiroe
1197 3589 1283 3639 liabeo-

216 3659 722 3718 turtulatunruettocindicatunmm
856 3675 1020 3724 quemque.

214 3744 285 3796 bona
312 3744 358 3796 illa
380 3740 479 3795 cadum
502 3759 575 3807 etse,
595 3754 622 3794 et
646 3741 722 3796 facile
766 3767 804 3780 ·-
819 3745 904 3819 Neque
921 3747 1094 3819 protrabunt.
1112 3749 1286 3822 Nequeipee

124 3855 126 3860 ·
213 3821 368 3876 hominibus
388 3821 465 3894 eripi.
488 3820 557 3874 Nam
575 3821 628 3892 qui.
642 3821 722 3876 hodie
764 3823 988 3896 possideturmeo
996 3829 1083 3884 alieno
1097 3829 1283 3902 imperioeuh-

213 3902 341 3976 pulcher,
354 3901 443 3966 dives,
461 3901 587 3954 robuttut
602 3913 653 3967 eet,
665 3920 722 3956 ortt
763 3906 847 3976 jectu:
859 3919 906 3960 ett.

213 3994 300 4054 potest
314 3979 454 4040 deformis,
470 3999 586 4052 pauper,
601 3979 722 4036 infirmus
806 3989 833 4040 6.
844 3987 965 4042 Pmu'tas.
985 3989 1112 4044 Perverse
1130 4004 1158 4048 et
1176 4001 1282 4048 untur·

213 4079 276 4115 esre.
289 4063 360 4116 Finis
371 4073 407 4114 est
420 4073 508 4116 nutem
521 4062 724 4128 moneuetiem·
764 4083 915 4139 repugnem
927 4067 1022 4140 agendi
1034 4069 1111 4126 ratio.
