2942 4662
268 325 341 400 510
502 325 646 395 JULII
672 323 1071 394 EXSUPERANTII
1105 357 1108 361 ¹

260 457 441 554 Sulpicium
468 471 502 526 ct
528 455 686 526 seditiosis
713 455 926 526 concionibus
957 479 1130 524 romanum
1156 456 1324 550 populum

260 565 518 650 disturbantem,
538 587 616 632 cum
646 561 755 632 multis
784 585 868 656 quos
894 561 954 630 sibi
982 563 1086 631 socios
1115 561 1322 652 adsciverat,

261 670 450 754 trucidaris
465 685 562 764 atque
576 670 721 738 Marium
733 667 840 764 ipsum
853 669 1110 738 machinatorem
1125 683 1225 739 tantae
1238 695 1320 740 con·

261 775 418 864 tumeliae,
434 778 468 845 in
481 774 630 846 exsilium
650 777 775 870 impetu
792 772 930 844 detrusit
946 799 1125 844 armornm.
1139 777 1248 871 Atque
1266 775 1321 846 ille

260 875 446 977 (quotiens
466 878 591 953 victorl
614 876 627 972 )
645 908 705 978 per
729 879 901 980 Gallorum
925 895 1023 976 atque
1046 881 1201 950 Afrorum
1220 907 1320 970 rura,

260 1013 332 1084 quae
350 992 419 1084 ipse
440 1003 644 1075 vastaverat,
662 987 839 1084 naufingus
860 995 957 1082 atque
975 1011 1099 1082 egenus
1115 989 1246 1058 erravit

312 1097 373 1166 IV.
405 1097 496 1164 Dum
518 1095 589 1164 haec
607 1110 768 1189 aguntur,
787 1097 894 1164 Cinna
915 1109 949 1163 et
965 1095 1124 1164 Octavius
1143 1095 1221 1164 facti
1238 1109 1318 1162 sunt

262 1200 412 1272 consules
431 1226 598 1296 :quorum
619 1203 727 1271 Cinna
747 1201 789 1270 de
810 1201 958 1296 partibus
980 1202 1140 1270 Marianis
1161 1199 1232 1269 fuit.
1253 1202 1317 1268 Hic

262 1306 368 1402 legem
390 1305 483 1395 tulit,
503 1321 541 1376 ut
564 1309 642 1377 novi
662 1308 769 1396 cives,
792 1311 848 1402 qui
871 1305 979 1401 aliqua
995 1309 1122 1376 ratione
1145 1329 1317 1375 romanam

261 1426 457 1506 acceperant
477 1414 660 1500 civitatem,
680 1437 756 1482 cum
782 1414 970 1500 veteribus,
994 1411 1085 1482 nulla
1101 1411 1317 1497 discretione,

262 1518 456 1612 suffragium
476 1517 608 1588 ferrent.
625 1521 698 1588 Hoc
716 1517 867 1589 videlicet
883 1521 918 1587 in
935 1543 1050 1588 eorum
1067 1521 1207 1613 gratiam
1226 1518 1319 1587 facie

261 1625 336 1710 bat,
350 1625 407 1717 qui
425 1624 569 1690 Marium
585 1623 748 1717 suffragiis
766 1627 833 1694 suis
847 1623 1046 1712 extulerant,
1061 1639 1095 1693 et
1111 1623 1320 1718 amplissimis

262 1728 444 1800 bonoribus
461 1727 663 1798 decorarant.
683 1729 748 1798 Sed
765 1731 835 1800 haec
853 1728 903 1798 lex
922 1732 1079 1824 injuriosa
1096 1731 1215 1806 eratin
1229 1743 1318 1798 vete·

262 1859 314 1904 res
333 1835 440 1920 cives,
455 1835 512 1928 qui
530 1836 683 1903 meritum
705 1833 871 1928 dignitatis
888 1837 1085 1906 videbantur
1101 1838 1268 1922 amittere,
1291 1837 1318 1904 si

263 1965 338 2010 cum
354 1941 448 2009 novis
469 1939 609 2034 indignis
629 1943 663 2009 in
686 1940 821 2011 ferendo
842 1942 999 2036 suffragio
1015 1944 1242 2038 jungerentur.
1263 1940 1319 2008 Ob

268 2045 334 2116 hoc
358 2047 467 2139 itaque
492 2047 651 2115 Octavius
677 2045 803 2141 collega
826 2063 1029 2136 commotus,
1051 2063 1089 2117 ut
1107 2046 1320 2117 seditionibus

261 2150 486 2248 privaretur¹,
505 2150 665 2244 collegam
683 2175 780 2220 suum
802 2153 962 2238 Cinnam,
985 2153 1208 2222 adnitentibus
1227 2167 1319 2220 vete·

262 2258 353 2327 ribus
367 2257 507 2345 civibus,
517 2259 551 2325 in
567 2255 715 2326 exsilium
728 2257 816 2326 misit
827 2271 990 2344 armatus,
1008 2258 1155 2326 munitus
1167 2256 1320 2326 videlicet

262 2365 364 2458 copiis
383 2361 487 2456 Syllae.
508 2363 591 2451 Quae
609 2387 712 2457 quum
729 2377 922 2456 agerentur,
935 2363 1099 2433 maximus
1111 2387 1152 2432 ex
1172 2365 1320 2457 utrisque

261 2469 409 2565 partibus
431 2470 552 2537 civium
573 2492 729 2538 numerus
750 2471 966 2564 interemptus
984 2483 1042 2538 est.
1070 2467 1235 2564 Expulsus
1260 2471 1318 2564 igi·

262 2589 317 2644 tur
330 2576 436 2645 Cinna
451 2599 554 2668 quum
570 2589 763 2668 vagaretur,
773 2575 813 2642 ad
832 2575 995 2662 Africam,
1012 2577 1070 2644 ubi
1082 2576 1210 2644 Marius
1223 2577 1318 2670 inops

263 2695 353 2768 erat,
376 2679 461 2748 forte
488 2682 661 2774 pervenit:
684 2695 782 2774 atque
810 2680 856 2750 ibi
883 2684 1126 2751 communicato
1155 2679 1319 2766 consilio,

263 2785 440 2855 sollicitatis
457 2787 575 2854 animis
592 2785 817 2879 perditorum,
835 2801 869 2856 et
888 2787 929 2856 de
947 2785 1117 2882 ergastulis
1134 2788 1236 2857 erutis
1257 2811 1320 2854 sen

262 2893 326 2978 vis,
347 2891 526 2960 exercitum
546 2890 780 2978 confecerunt3
801 2908 836 2962 et
855 2908 981 2963 armata
1000 2893 1197 2962 validissima
1219 2915 1320 2962 manu

192 3081 197 3090 ἱ
259 2997 440 3090 juventutis
461 2996 503 3066 ad
524 2996 641 3066 urbem
669 3013 856 3088 venerunt,
886 3013 983 3094 atque
1015 3001 1191 3069 Octavium
1225 2997 1320 3092 Syllae

262 3099 433 3172 satellitem
457 3117 646 3198 superatum
672 3121 884 3174 necaverunt.
909 3109 1002 3175 Tunc
1028 3107 1120 3174 varia
1143 3102 1318 3174 crudelitas

261 3223 441 3306 pervagata
456 3223 526 3297 est,
544 3225 581 3278 ut
595 3209 746 3280 nobilitas
761 3214 872 3282 omnis
881 3211 924 3280 ad
941 3212 1153 3307 fiagitivorum
1176 3208 1320 3280 trucida·

261 3330 354 3384 retur
370 3314 583 3384 arbitrium²:
604 3331 702 3411 atque
722 3342 762 3386 eo
787 3320 938 3387 immanis
960 3319 1082 3387 saevitia
1100 3319 1215 3386 Cinnae
1239 3315 1318 3401 fuit,

303 3507 768 3578 cn.tV.1.Urseditunttusprtm
809 3509 892 3580 accipi
908 3527 964 3560 eam
984 3525 1085 3562 meran.
1105 3507 1141 3560 Et
1157 3505 1241 3560 modo
1259 3505 1316 3578 qni·

265 3599 311 3640 tur.
321 3587 360 3639 Ut
370 3587 516 3657 respublica
525 3587 583 3640 sine
594 3585 768 3641 seditionibus
808 3586 869 3640 dein
880 3586 949 3640 dixit
963 3606 1054 3641 servos
1067 3605 1100 3639 ex
1113 3587 1249 3658 ergastulis
1264 3603 1317 3640 cre·

263 3678 337 3720 esset.
351 3665 438 3718 Dictio
454 3677 580 3737 suspecta
594 3665 738 3721 latinitatis.
808 3680 890 3738 ptcsa
903 3668 989 3720 Mario
1005 3681 1032 3720 et
1046 3667 1131 3721 Cinna
1146 3667 1235 3720 fuisse.
1247 3665 1315 3719 Fieri

298 3745 768 3814 s.Adfngitivnnrm...arbitrium.Scri·
809 3759 896 3798 umen
910 3748 1007 3818 possit,
1023 3757 1053 3798 ut
1068 3747 1124 3817 ipse
1138 3757 1230 3799 auctor
1240 3745 1316 3798 intel·

262 3835 351 3896 ptores
360 3825 434 3892 latini
442 3825 560 3894 fugitivus
570 3824 716 3896 intelligere
728 3845 769 3880 so·
808 3827 902 3880 lexerit
914 3827 1031 3880 Marium
1045 3837 1072 3878 st
1084 3827 1140 3896 ejus
1152 3827 1221 3897 luge
1233 3823 1316 3878 comi·

262 3901 334 3969 lent,
354 3921 442 3959 arvos
460 3923 475 3957 a
494 3901 608 3957 dominis
625 3906 766 3976 puningon
809 3919 864 3972 ten
877 3907 1004 3978 quoniam
1016 3906 1104 3960 statim
1118 3905 1232 3960 Cinnani
1246 3905 1315 3958 inter

222 3987 227 4010 '
264 3995 405 4052 monetque
425 3983 531 4039 Cottius
550 3983 595 4038 hio
609 4003 715 4056 quoqne
729 3986 767 4040 sic
809 3985 982 4042 trucidatore·
995 3985 1124 4040 nominat.
