<?xml version="1.0" encoding="UTF-8"?>
<!DOCTYPE html PUBLIC "-//W3C//DTD XHTML 1.0 Transitional//EN"
    "http://www.w3.org/TR/xhtml1/DTD/xhtml1-transitional.dtd">
<html xmlns="http://www.w3.org/1999/xhtml" xml:lang="en" lang="en">
 <head>
  <title>
</title>
<meta http-equiv="Content-Type" content="text/html;charset=utf-8" />
  <meta name='ocr-system' content='tesseract 3.04.00' />
  <meta name='ocr-capabilities' content='ocr_page ocr_carea ocr_par ocr_line ocrx_word'/>
</head>
<body>
  <div class='ocr_page' id='page_1' title='image "./caiuscrispussal01sallgoog_0021.png"; bbox 0 0 2922 4642; ppageno 0'>
   <div class='ocr_carea' id='block_1_1' title="bbox 365 369 1194 448">
    <p class='ocr_par' dir='ltr' id='par_1_1' title="bbox 365 369 1194 448">
     <span class='ocr_line' id='line_1_1' title="bbox 365 369 1194 448; baseline 0.012 -10"><span class='ocrx_word' id='word_1_1' title='bbox 365 370 404 438; x_wconf 90' lang='lat' dir='ltr'><strong>C.</strong></span> <span class='ocrx_word' id='word_1_2' title='bbox 433 369 620 438; x_wconf 85' lang='lat' dir='ltr'><strong>CRISPI</strong></span> <span class='ocrx_word' id='word_1_3' title='bbox 654 369 962 438; x_wconf 80' lang='lat' dir='ltr'><strong>SALLUSTII.</strong></span> <span class='ocrx_word' id='word_1_4' title='bbox 1115 401 1194 448; x_wconf 81' lang='lat' dir='ltr'><strong>xvrt</strong></span> 
     </span>
    </p>
   </div>
   <div class='ocr_carea' id='block_1_2' title="bbox 22 500 1196 923">
    <p class='ocr_par' dir='ltr' id='par_1_2' title="bbox 22 500 1195 802">
     <span class='ocr_line' id='line_1_2' title="bbox 22 500 1195 596; baseline 0.001 -21"><span class='ocrx_word' id='word_1_5' title='bbox 22 553 23 590; x_wconf 56' lang='lat'>;</span> <span class='ocrx_word' id='word_1_6' title='bbox 128 519 243 574; x_wconf 86' lang='lat' dir='ltr'><strong>narrat</strong></span> <span class='ocrx_word' id='word_1_7' title='bbox 268 500 444 574; x_wconf 79' lang='lat' dir='ltr'>Sallustius</span> <span class='ocrx_word' id='word_1_8' title='bbox 470 500 560 596; x_wconf 91' lang='lat' dir='ltr'><strong>quod</strong></span> <span class='ocrx_word' id='word_1_9' title='bbox 587 525 655 571; x_wconf 91' lang='lat' dir='ltr'><strong>non</strong></span> <span class='ocrx_word' id='word_1_10' title='bbox 681 525 798 570; x_wconf 80' lang='lat' dir='ltr'><strong>verum</strong></span> <span class='ocrx_word' id='word_1_11' title='bbox 820 503 880 585; x_wconf 85' lang='lat' dir='ltr'><strong>sit;</strong></span> <span class='ocrx_word' id='word_1_12' title='bbox 905 502 964 572; x_wconf 85' lang='lat' dir='ltr'><strong>sed</strong></span> <span class='ocrx_word' id='word_1_13' title='bbox 989 527 1058 574; x_wconf 90' lang='lat' dir='ltr'><strong>non</strong></span> <span class='ocrx_word' id='word_1_14' title='bbox 1084 511 1195 580; x_wconf 85' lang='lat' dir='ltr'><strong>omnia</strong></span> 
     </span>
     <span class='ocr_line' id='line_1_3' title="bbox 22 607 1195 705; baseline 0.004 -25"><span class='ocrx_word' id='word_1_15' title='bbox 22 607 23 616; x_wconf 71' lang='grc'>’</span> <span class='ocrx_word' id='word_1_16' title='bbox 41 619 45 636; x_wconf 85' lang='grc'><em>“</em></span> <span class='ocrx_word' id='word_1_17' title='bbox 129 613 225 700; x_wconf 91' lang='lat' dir='ltr'><strong>dicit,</strong></span> <span class='ocrx_word' id='word_1_18' title='bbox 247 634 324 705; x_wconf 83' lang='lat' dir='ltr'><strong>quae</strong></span> <span class='ocrx_word' id='word_1_19' title='bbox 343 632 423 678; x_wconf 88' lang='lat' dir='ltr'><strong>vera</strong></span> <span class='ocrx_word' id='word_1_20' title='bbox 435 622 533 694; x_wconf 87' lang='lat' dir='ltr'><strong>sunt;</strong></span> <span class='ocrx_word' id='word_1_21' title='bbox 548 621 582 677; x_wconf 89' lang='lat' dir='ltr'><strong>et</strong></span> <span class='ocrx_word' id='word_1_22' title='bbox 596 607 662 677; x_wconf 90' lang='lat' dir='ltr'><strong>hoc</strong></span> <span class='ocrx_word' id='word_1_23' title='bbox 676 632 808 702; x_wconf 89' lang='lat' dir='ltr'><strong>quoque</strong></span> <span class='ocrx_word' id='word_1_24' title='bbox 823 609 986 679; x_wconf 88' lang='lat' dir='ltr'><strong>mendacii</strong></span> <span class='ocrx_word' id='word_1_25' title='bbox 1006 636 1110 705; x_wconf 84' lang='lat' dir='ltr'><strong>genus</strong></span> <span class='ocrx_word' id='word_1_26' title='bbox 1128 630 1195 705; x_wconf 90' lang='lat' dir='ltr'><strong>est,</strong></span> 
     </span>
     <span class='ocr_line' id='line_1_4' title="bbox 129 718 481 802; baseline -0.006 -16"><span class='ocrx_word' id='word_1_27' title='bbox 129 742 209 786; x_wconf 80' lang='lat' dir='ltr'><strong>vera</strong></span> <span class='ocrx_word' id='word_1_28' title='bbox 227 718 377 787; x_wconf 85' lang='lat' dir='ltr'><strong>reticere.</strong></span> <span class='ocrx_word' id='word_1_29' title='bbox 474 790 481 802; x_wconf 58' lang='lat'><em>‚</em></span> 
     </span>
    </p>

    <p class='ocr_par' dir='ltr' id='par_1_3' title="bbox 125 819 1196 923">
     <span class='ocr_line' id='line_1_5' title="bbox 125 819 1196 923; baseline 0.003 -29"><span class='ocrx_word' id='word_1_30' title='bbox 125 883 145 912; x_wconf 53' lang='grc' dir='ltr'><strong>,Ι</strong></span> <span class='ocrx_word' id='word_1_31' title='bbox 185 827 233 893; x_wconf 81' lang='lat' dir='ltr'><strong>At</strong></span> <span class='ocrx_word' id='word_1_32' title='bbox 247 825 336 892; x_wconf 87' lang='lat' dir='ltr'><strong>enirn</strong></span> <span class='ocrx_word' id='word_1_33' title='bbox 350 847 417 891; x_wconf 91' lang='lat' dir='ltr'><strong>non</strong></span> <span class='ocrx_word' id='word_1_34' title='bbox 426 819 550 916; x_wconf 81' lang='lat' dir='ltr'><strong>justam</strong></span> <span class='ocrx_word' id='word_1_35' title='bbox 564 821 735 890; x_wconf 81' lang='lat' dir='ltr'><strong>historiam</strong></span> <span class='ocrx_word' id='word_1_36' title='bbox 750 835 784 890; x_wconf 89' lang='lat' dir='ltr'><strong>et</strong></span> <span class='ocrx_word' id='word_1_37' title='bbox 798 824 964 909; x_wconf 89' lang='lat' dir='ltr'><strong>omnium,</strong></span> <span class='ocrx_word' id='word_1_38' title='bbox 978 849 1052 919; x_wconf 81' lang='lat' dir='ltr'><strong>quae</strong></span> <span class='ocrx_word' id='word_1_39' title='bbox 1059 829 1196 923; x_wconf 90' lang='lat' dir='ltr'><strong>quisque</strong></span> 
     </span>
    </p>
   </div>
   <div class='ocr_carea' id='block_1_3' title="bbox 21 926 1196 1030">
    <p class='ocr_par' dir='ltr' id='par_1_4' title="bbox 21 926 1196 1030">
     <span class='ocr_line' id='line_1_6' title="bbox 21 926 1196 1030; baseline 0.003 -30"><span class='ocrx_word' id='word_1_40' title='bbox 21 953 22 1020; x_wconf 72' lang='lat' dir='ltr'><strong>j</strong></span> <span class='ocrx_word' id='word_1_41' title='bbox 92 960 96 969; x_wconf 70' lang='grc'><strong><em>’</em></strong></span> <span class='ocrx_word' id='word_1_42' title='bbox 131 931 266 1016; x_wconf 83' lang='lat' dir='ltr'><strong>fecerit,</strong></span> <span class='ocrx_word' id='word_1_43' title='bbox 287 931 449 998; x_wconf 88' lang='lat' dir='ltr'><strong>curiosam</strong></span> <span class='ocrx_word' id='word_1_44' title='bbox 477 927 635 1016; x_wconf 84' lang='lat' dir='ltr'><strong>scribere,</strong></span> <span class='ocrx_word' id='word_1_45' title='bbox 655 926 713 996; x_wconf 89' lang='lat' dir='ltr'><strong>scd</strong></span> <span class='ocrx_word' id='word_1_46' title='bbox 737 929 931 1022; x_wconf 84' lang='lat' dir='ltr'><strong>perbrevem</strong></span> <span class='ocrx_word' id='word_1_47' title='bbox 958 932 1055 1002; x_wconf 89' lang='lat' dir='ltr'><strong>unius</strong></span> <span class='ocrx_word' id='word_1_48' title='bbox 1077 936 1196 1030; x_wconf 89' lang='lat' dir='ltr'><strong>conju-</strong></span> 
     </span>
    </p>
   </div>
   <div class='ocr_carea' id='block_1_4' title="bbox 21 1025 1201 1449">
    <p class='ocr_par' dir='ltr' id='par_1_5' title="bbox 21 1025 1201 1449">
     <span class='ocr_line' id='line_1_7' title="bbox 21 1025 1197 1134; baseline 0.003 -27"><span class='ocrx_word' id='word_1_49' title='bbox 21 1025 22 1072; x_wconf 69' lang='lat' dir='ltr'><strong>t</strong></span> <span class='ocrx_word' id='word_1_50' title='bbox 132 1037 273 1108; x_wconf 88' lang='lat' dir='ltr'><strong>rationis</strong></span> <span class='ocrx_word' id='word_1_51' title='bbox 295 1037 472 1129; x_wconf 80' lang='lat' dir='ltr'><strong>imaginem</strong></span> <span class='ocrx_word' id='word_1_52' title='bbox 495 1033 694 1104; x_wconf 89' lang='lat' dir='ltr'><strong>adumbrare</strong></span> <span class='ocrx_word' id='word_1_53' title='bbox 715 1034 908 1104; x_wconf 85' lang='lat' dir='ltr'><strong>instituerat</strong></span> <span class='ocrx_word' id='word_1_54' title='bbox 936 1037 1008 1106; x_wconf 88' lang='lat' dir='ltr'><strong>Cur</strong></span> <span class='ocrx_word' id='word_1_55' title='bbox 1025 1063 1106 1134; x_wconf 81' lang='lat' dir='ltr'><strong>ergo</strong></span> <span class='ocrx_word' id='word_1_56' title='bbox 1120 1065 1197 1110; x_wconf 91' lang='lat' dir='ltr'><strong>eum</strong></span> 
     </span>
     <span class='ocr_line' id='line_1_8' title="bbox 133 1139 1198 1236; baseline 0.006 -25"><span class='ocrx_word' id='word_1_57' title='bbox 133 1145 278 1211; x_wconf 82' lang='lat' dir='ltr'><strong>removit</strong></span> <span class='ocrx_word' id='word_1_58' title='bbox 289 1140 332 1209; x_wconf 91' lang='lat' dir='ltr'><strong>ab</strong></span> <span class='ocrx_word' id='word_1_59' title='bbox 343 1139 462 1228; x_wconf 91' lang='lat' dir='ltr'><strong>oculis,</strong></span> <span class='ocrx_word' id='word_1_60' title='bbox 474 1165 573 1236; x_wconf 87' lang='lat' dir='ltr'><strong>quem</strong></span> <span class='ocrx_word' id='word_1_61' title='bbox 587 1153 663 1208; x_wconf 91' lang='lat' dir='ltr'><strong>ante</strong></span> <span class='ocrx_word' id='word_1_62' title='bbox 676 1163 790 1209; x_wconf 89' lang='lat' dir='ltr'><strong>omnes</strong></span> <span class='ocrx_word' id='word_1_63' title='bbox 803 1140 914 1210; x_wconf 85' lang='lat' dir='ltr'><strong>decuit</strong></span> <span class='ocrx_word' id='word_1_64' title='bbox 925 1144 1094 1214; x_wconf 86' lang='lat' dir='ltr'><strong>eminere?</strong></span> <span class='ocrx_word' id='word_1_65' title='bbox 1106 1149 1136 1214; x_wconf 88' lang='lat' dir='ltr'><strong>N</strong></span> <span class='ocrx_word' id='word_1_66' title='bbox 1138 1173 1198 1217; x_wconf 92' lang='lat' dir='ltr'><strong>on·</strong></span> 
     </span>
     <span class='ocr_line' id='line_1_9' title="bbox 134 1243 1198 1342; baseline 0.006 -25"><span class='ocrx_word' id='word_1_67' title='bbox 134 1273 194 1336; x_wconf 85' lang='lat' dir='ltr'><strong>ne,</strong></span> <span class='ocrx_word' id='word_1_68' title='bbox 209 1249 236 1317; x_wconf 93' lang='lat' dir='ltr'><strong>si</strong></span> <span class='ocrx_word' id='word_1_69' title='bbox 257 1247 435 1317; x_wconf 80' lang='lat' dir='ltr'><strong>Catilinam</strong></span> <span class='ocrx_word' id='word_1_70' title='bbox 455 1247 559 1317; x_wconf 83' lang='lat' dir='ltr'><strong>caedes</strong></span> <span class='ocrx_word' id='word_1_71' title='bbox 572 1260 606 1316; x_wconf 92' lang='lat' dir='ltr'><strong>et</strong></span> <span class='ocrx_word' id='word_1_72' title='bbox 620 1243 771 1316; x_wconf 90' lang='lat' dir='ltr'><strong>incendia</strong></span> <span class='ocrx_word' id='word_1_73' title='bbox 788 1249 902 1342; x_wconf 78' lang='lat' dir='ltr'><strong>patrie</strong></span> <span class='ocrx_word' id='word_1_74' title='bbox 920 1250 1124 1321; x_wconf 87' lang='lat' dir='ltr'><strong>minitantem</strong></span> <span class='ocrx_word' id='word_1_75' title='bbox 1146 1279 1198 1324; x_wconf 91' lang='lat' dir='ltr'><strong>os·</strong></span> 
     </span>
     <span class='ocr_line' id='line_1_10' title="bbox 136 1353 1201 1449; baseline 0.004 -25"><span class='ocrx_word' id='word_1_76' title='bbox 136 1353 274 1424; x_wconf 85' lang='lat' dir='ltr'><strong>tendere</strong></span> <span class='ocrx_word' id='word_1_77' title='bbox 289 1353 420 1441; x_wconf 89' lang='lat' dir='ltr'><strong>debuit,</strong></span> <span class='ocrx_word' id='word_1_78' title='bbox 440 1353 663 1424; x_wconf 87' lang='lat' dir='ltr'><strong>ostendendus</strong></span> <span class='ocrx_word' id='word_1_79' title='bbox 681 1377 812 1447; x_wconf 91' lang='lat' dir='ltr'><strong>quoque</strong></span> <span class='ocrx_word' id='word_1_80' title='bbox 828 1368 899 1422; x_wconf 86' lang='lat' dir='ltr'><strong>erat</strong></span> <span class='ocrx_word' id='word_1_81' title='bbox 919 1358 1032 1449; x_wconf 80' lang='lat' dir='ltr'><strong>patria.</strong></span> <span class='ocrx_word' id='word_1_82' title='bbox 1053 1374 1201 1428; x_wconf 84' lang='lat' dir='ltr'><strong>servator</strong></span> 
     </span>
    </p>
   </div>
   <div class='ocr_carea' id='block_1_5' title="bbox 20 1458 1202 1664">
    <p class='ocr_par' dir='ltr' id='par_1_6' title="bbox 20 1458 1202 1664">
     <span class='ocr_line' id='line_1_11' title="bbox 20 1458 1202 1554; baseline 0.004 -25"><span class='ocrx_word' id='word_1_83' title='bbox 20 1545 21 1548; x_wconf 8' lang='grc' dir='ltr'><strong>Ἴ</strong></span> <span class='ocrx_word' id='word_1_84' title='bbox 135 1458 289 1530; x_wconf 77' lang='lat' dir='ltr'><strong>Tullius?</strong></span> <span class='ocrx_word' id='word_1_85' title='bbox 304 1461 433 1528; x_wconf 89' lang='lat' dir='ltr'><strong>Intueri</strong></span> <span class='ocrx_word' id='word_1_86' title='bbox 454 1462 487 1527; x_wconf 89' lang='lat' dir='ltr'><strong>in</strong></span> <span class='ocrx_word' id='word_1_87' title='bbox 509 1473 666 1554; x_wconf 89' lang='lat' dir='ltr'><strong>promptu</strong></span> <span class='ocrx_word' id='word_1_88' title='bbox 687 1474 737 1528; x_wconf 88' lang='lat' dir='ltr'><strong>est</strong></span> <span class='ocrx_word' id='word_1_89' title='bbox 753 1473 852 1554; x_wconf 89' lang='lat' dir='ltr'><strong>atque</strong></span> <span class='ocrx_word' id='word_1_90' title='bbox 874 1459 983 1532; x_wconf 91' lang='lat' dir='ltr'><strong>odisse</strong></span> <span class='ocrx_word' id='word_1_91' title='bbox 1004 1463 1202 1554; x_wconf 89' lang='lat' dir='ltr'><strong>Gabinium,</strong></span> 
     </span>
     <span class='ocr_line' id='line_1_12' title="bbox 20 1564 1202 1664; baseline 0.007 -29"><span class='ocrx_word' id='word_1_92' title='bbox 20 1623 21 1664; x_wconf 65' lang='lat'><strong>,</strong></span> <span class='ocrx_word' id='word_1_93' title='bbox 137 1567 343 1662; x_wconf 83' lang='lat' dir='ltr'><strong>Cethegum,</strong></span> <span class='ocrx_word' id='word_1_94' title='bbox 365 1564 545 1634; x_wconf 86' lang='lat' dir='ltr'><strong>Lentulum</strong></span> <span class='ocrx_word' id='word_1_95' title='bbox 564 1564 709 1634; x_wconf 81' lang='lat' dir='ltr'><strong>nefando</strong></span> <span class='ocrx_word' id='word_1_96' title='bbox 732 1565 870 1636; x_wconf 91' lang='lat' dir='ltr'><strong>consilio</strong></span> <span class='ocrx_word' id='word_1_97' title='bbox 891 1570 985 1662; x_wconf 91' lang='lat' dir='ltr'><strong>quasi</strong></span> <span class='ocrx_word' id='word_1_98' title='bbox 1006 1569 1202 1643; x_wconf 86' lang='lat' dir='ltr'><strong>immortuos</strong></span> 
     </span>
    </p>
   </div>
   <div class='ocr_carea' id='block_1_6' title="bbox 138 1670 1206 2085">
    <p class='ocr_par' dir='ltr' id='par_1_7' title="bbox 138 1670 1206 2085">
     <span class='ocr_line' id='line_1_13' title="bbox 138 1670 1202 1767; baseline 0.007 -25"><span class='ocrx_word' id='word_1_99' title='bbox 138 1687 174 1742; x_wconf 89' lang='lat' dir='ltr'><strong>et</strong></span> <span class='ocrx_word' id='word_1_100' title='bbox 195 1675 230 1740; x_wconf 89' lang='lat' dir='ltr'><strong>in</strong></span> <span class='ocrx_word' id='word_1_101' title='bbox 254 1671 377 1742; x_wconf 86' lang='lat' dir='ltr'><strong>scelere</strong></span> <span class='ocrx_word' id='word_1_102' title='bbox 395 1670 605 1767; x_wconf 89' lang='lat' dir='ltr'><strong>consepultos</strong></span> <span class='ocrx_word' id='word_1_103' title='bbox 623 1695 702 1757; x_wconf 88' lang='lat' dir='ltr'><strong>suo;</strong></span> <span class='ocrx_word' id='word_1_104' title='bbox 725 1696 931 1766; x_wconf 83' lang='lat' dir='ltr'><strong>nusquamne</strong></span> <span class='ocrx_word' id='word_1_105' title='bbox 949 1699 1030 1745; x_wconf 87' lang='lat' dir='ltr'><strong>vero</strong></span> <span class='ocrx_word' id='word_1_106' title='bbox 1052 1693 1104 1747; x_wconf 92' lang='lat' dir='ltr'><strong>tot</strong></span> <span class='ocrx_word' id='word_1_107' title='bbox 1124 1679 1202 1748; x_wconf 87' lang='lat' dir='ltr'><strong>faci-</strong></span> 
     </span>
     <span class='ocr_line' id='line_1_14' title="bbox 139 1776 1203 1872; baseline 0.008 -24"><span class='ocrx_word' id='word_1_108' title='bbox 139 1803 261 1848; x_wconf 83' lang='lat' dir='ltr'><strong>nomm</strong></span> <span class='ocrx_word' id='word_1_109' title='bbox 283 1776 472 1872; x_wconf 91' lang='lat' dir='ltr'><strong>spectaculo</strong></span> <span class='ocrx_word' id='word_1_110' title='bbox 494 1777 599 1847; x_wconf 87' lang='lat' dir='ltr'><strong>fessus</strong></span> <span class='ocrx_word' id='word_1_111' title='bbox 616 1779 743 1848; x_wconf 90' lang='lat' dir='ltr'><strong>animus</strong></span> <span class='ocrx_word' id='word_1_112' title='bbox 765 1780 850 1848; x_wconf 88' lang='lat' dir='ltr'><strong>inter</strong></span> <span class='ocrx_word' id='word_1_113' title='bbox 867 1782 1000 1851; x_wconf 88' lang='lat' dir='ltr'><strong>meritas</strong></span> <span class='ocrx_word' id='word_1_114' title='bbox 1021 1781 1111 1854; x_wconf 88' lang='lat' dir='ltr'><strong>bono</strong></span> <span class='ocrx_word' id='word_1_115' title='bbox 1129 1789 1203 1856; x_wconf 87' lang='lat' dir='ltr'><strong>viro</strong></span> 
     </span>
     <span class='ocr_line' id='line_1_15' title="bbox 140 1883 1204 1979; baseline 0.006 -25"><span class='ocrx_word' id='word_1_116' title='bbox 140 1883 253 1954; x_wconf 90' lang='lat' dir='ltr'><strong>laudes</strong></span> <span class='ocrx_word' id='word_1_117' title='bbox 266 1899 301 1952; x_wconf 90' lang='lat' dir='ltr'><strong>et</strong></span> <span class='ocrx_word' id='word_1_118' title='bbox 313 1886 449 1979; x_wconf 77' lang='lat' dir='ltr'><strong>praemia</strong></span> <span class='ocrx_word' id='word_1_119' title='bbox 461 1886 576 1953; x_wconf 80' lang='lat' dir='ltr'><strong>virtuti</strong></span> <span class='ocrx_word' id='word_1_120' title='bbox 589 1883 700 1956; x_wconf 84' lang='lat' dir='ltr'><strong>debita</strong></span> <span class='ocrx_word' id='word_1_121' title='bbox 714 1885 945 1978; x_wconf 84' lang='lat' dir='ltr'><strong>conquiescet?</strong></span> <span class='ocrx_word' id='word_1_122' title='bbox 954 1887 1110 1959; x_wconf 87' lang='lat' dir='ltr'><strong>Scelusne</strong></span> <span class='ocrx_word' id='word_1_123' title='bbox 1124 1889 1204 1960; x_wconf 91' lang='lat' dir='ltr'><strong>dun-</strong></span> 
     </span>
     <span class='ocr_line' id='line_1_16' title="bbox 141 1989 1206 2085; baseline 0.006 -25"><span class='ocrx_word' id='word_1_124' title='bbox 141 2006 232 2060; x_wconf 85' lang='lat' dir='ltr'><strong>taxat</strong></span> <span class='ocrx_word' id='word_1_125' title='bbox 247 1990 459 2078; x_wconf 80' lang='lat' dir='ltr'><strong>videbimus‚</strong></span> <span class='ocrx_word' id='word_1_126' title='bbox 480 2015 642 2085; x_wconf 88' lang='lat' dir='ltr'><strong>nusquam</strong></span> <span class='ocrx_word' id='word_1_127' title='bbox 664 1989 794 2060; x_wconf 86' lang='lat' dir='ltr'><strong>sceleris</strong></span> <span class='ocrx_word' id='word_1_128' title='bbox 821 1991 977 2062; x_wconf 89' lang='lat' dir='ltr'><strong>vindicati</strong></span> <span class='ocrx_word' id='word_1_129' title='bbox 994 1995 1206 2066; x_wconf 78' lang='lat' dir='ltr'><strong>mercedem?</strong></span> 
     </span>
    </p>
   </div>
   <div class='ocr_carea' id='block_1_7' title="bbox 20 2095 1205 2192">
    <p class='ocr_par' dir='ltr' id='par_1_8' title="bbox 20 2095 1205 2192">
     <span class='ocr_line' id='line_1_17' title="bbox 20 2095 1205 2192; baseline 0.009 -32"><span class='ocrx_word' id='word_1_130' title='bbox 20 2153 21 2160; x_wconf 74' lang='grc'>,</span> <span class='ocrx_word' id='word_1_131' title='bbox 142 2099 319 2166; x_wconf 83' lang='lat' dir='ltr'><strong>Fateamur</strong></span> <span class='ocrx_word' id='word_1_132' title='bbox 329 2121 408 2166; x_wconf 89' lang='lat' dir='ltr'><strong>sane</strong></span> <span class='ocrx_word' id='word_1_133' title='bbox 417 2098 481 2166; x_wconf 91' lang='lat' dir='ltr'><strong>isto</strong></span> <span class='ocrx_word' id='word_1_134' title='bbox 495 2095 624 2166; x_wconf 89' lang='lat' dir='ltr'><strong>silentio</strong></span> <span class='ocrx_word' id='word_1_135' title='bbox 634 2097 729 2192; x_wconf 79' lang='lat' dir='ltr'><strong>argui</strong></span> <span class='ocrx_word' id='word_1_136' title='bbox 740 2097 877 2164; x_wconf 89' lang='lat' dir='ltr'><strong>tacitum</strong></span> <span class='ocrx_word' id='word_1_137' title='bbox 885 2097 1060 2169; x_wconf 84' lang='lat' dir='ltr'><strong>invidentis</strong></span> <span class='ocrx_word' id='word_1_138' title='bbox 1074 2102 1205 2186; x_wconf 92' lang='lat' dir='ltr'><strong>odium,</strong></span> 
     </span>
    </p>
   </div>
   <div class='ocr_carea' id='block_1_8' title="bbox 143 2198 1207 2513">
    <p class='ocr_par' dir='ltr' id='par_1_9' title="bbox 143 2198 1207 2513">
     <span class='ocr_line' id='line_1_18' title="bbox 144 2198 1204 2295; baseline 0.005 -24"><span class='ocrx_word' id='word_1_139' title='bbox 144 2217 179 2272; x_wconf 88' lang='lat' dir='ltr'><strong>et</strong></span> <span class='ocrx_word' id='word_1_140' title='bbox 198 2226 258 2290; x_wconf 88' lang='lat' dir='ltr'><strong>ea,</strong></span> <span class='ocrx_word' id='word_1_141' title='bbox 276 2205 408 2270; x_wconf 77' lang='lat' dir='ltr'><strong>vivente</strong></span> <span class='ocrx_word' id='word_1_142' title='bbox 426 2201 553 2288; x_wconf 87' lang='lat' dir='ltr'><strong>Tullio,</strong></span> <span class='ocrx_word' id='word_1_143' title='bbox 571 2203 709 2271; x_wconf 88' lang='lat' dir='ltr'><strong>reticere</strong></span> <span class='ocrx_word' id='word_1_144' title='bbox 729 2198 888 2288; x_wconf 87' lang='lat' dir='ltr'><strong>volentis,</strong></span> <span class='ocrx_word' id='word_1_145' title='bbox 913 2226 986 2295; x_wconf 80' lang='lat' dir='ltr'><strong>qua·</strong></span> <span class='ocrx_word' id='word_1_146' title='bbox 1006 2204 1114 2274; x_wconf 91' lang='lat' dir='ltr'><strong>Tullio</strong></span> <span class='ocrx_word' id='word_1_147' title='bbox 1136 2222 1204 2276; x_wconf 87' lang='lat' dir='ltr'><strong>tam</strong></span> 
     </span>
     <span class='ocr_line' id='line_1_19' title="bbox 144 2305 1207 2404; baseline 0.005 -28"><span class='ocrx_word' id='word_1_148' title='bbox 144 2322 238 2404; x_wconf 81' lang='lat' dir='ltr'><strong>grata</strong></span> <span class='ocrx_word' id='word_1_149' title='bbox 254 2306 369 2378; x_wconf 88' lang='lat' dir='ltr'><strong>auditu</strong></span> <span class='ocrx_word' id='word_1_150' title='bbox 388 2306 533 2375; x_wconf 87' lang='lat' dir='ltr'><strong>fuissent.</strong></span> <span class='ocrx_word' id='word_1_151' title='bbox 549 2307 633 2395; x_wconf 72' lang='lat' dir='ltr'><strong>Quae</strong></span> <span class='ocrx_word' id='word_1_152' title='bbox 650 2305 784 2400; x_wconf 90' lang='lat' dir='ltr'><strong>quidem</strong></span> <span class='ocrx_word' id='word_1_153' title='bbox 803 2307 915 2400; x_wconf 91' lang='lat' dir='ltr'><strong>opinio</strong></span> <span class='ocrx_word' id='word_1_154' title='bbox 928 2305 1108 2401; x_wconf 89' lang='lat' dir='ltr'><strong>plurimum</strong></span> <span class='ocrx_word' id='word_1_155' title='bbox 1123 2311 1207 2382; x_wconf 87' lang='lat' dir='ltr'><strong>vale·</strong></span> 
     </span>
     <span class='ocr_line' id='line_1_20' title="bbox 143 2410 1206 2513; baseline 0.005 -30"><span class='ocrx_word' id='word_1_156' title='bbox 143 2415 192 2484; x_wconf 92' lang='lat' dir='ltr'><strong>bit</strong></span> <span class='ocrx_word' id='word_1_157' title='bbox 216 2413 306 2509; x_wconf 89' lang='lat' dir='ltr'><strong>apud</strong></span> <span class='ocrx_word' id='word_1_158' title='bbox 332 2410 492 2482; x_wconf 82' lang='lat' dir='ltr'><strong>Tullianae</strong></span> <span class='ocrx_word' id='word_1_159' title='bbox 513 2411 631 2482; x_wconf 90' lang='lat' dir='ltr'><strong>indolis</strong></span> <span class='ocrx_word' id='word_1_160' title='bbox 656 2437 837 2499; x_wconf 86' lang='lat' dir='ltr'><strong>memores,</strong></span> <span class='ocrx_word' id='word_1_161' title='bbox 859 2437 921 2482; x_wconf 88' lang='lat' dir='ltr'><strong>nec</strong></span> <span class='ocrx_word' id='word_1_162' title='bbox 941 2412 1061 2484; x_wconf 87' lang='lat' dir='ltr'><strong>oblitos</strong></span> <span class='ocrx_word' id='word_1_163' title='bbox 1081 2433 1206 2513; x_wconf 88' lang='lat' dir='ltr'><strong>quanto</strong></span> 
     </span>
    </p>
   </div>
   <div class='ocr_carea' id='block_1_9' title="bbox 19 2517 1052 2614">
    <p class='ocr_par' dir='ltr' id='par_1_10' title="bbox 19 2517 1052 2614">
     <span class='ocr_line' id='line_1_21' title="bbox 19 2517 1052 2614; baseline 0.001 -25"><span class='ocrx_word' id='word_1_164' title='bbox 19 2561 20 2578; x_wconf 35' lang='grc' dir='ltr'><strong>κ</strong></span> <span class='ocrx_word' id='word_1_165' title='bbox 144 2519 279 2590; x_wconf 87' lang='lat' dir='ltr'><strong>laudum</strong></span> <span class='ocrx_word' id='word_1_166' title='bbox 299 2543 413 2588; x_wconf 89' lang='lat' dir='ltr'><strong>amore</strong></span> <span class='ocrx_word' id='word_1_167' title='bbox 431 2533 541 2588; x_wconf 90' lang='lat' dir='ltr'><strong>tantus</strong></span> <span class='ocrx_word' id='word_1_168' title='bbox 560 2517 614 2587; x_wconf 89' lang='lat' dir='ltr'><strong>ille</strong></span> <span class='ocrx_word' id='word_1_169' title='bbox 634 2520 686 2587; x_wconf 81' lang='lat' dir='ltr'><strong>vir</strong></span> <span class='ocrx_word' id='word_1_170' title='bbox 704 2543 835 2614; x_wconf 88' lang='lat' dir='ltr'><strong>semper</strong></span> <span class='ocrx_word' id='word_1_171' title='bbox 856 2519 1052 2614; x_wconf 83' lang='lat' dir='ltr'><strong>flagraverit</strong></span> 
     </span>
    </p>
   </div>
   <div class='ocr_carea' id='block_1_10' title="bbox 196 2623 1207 2726">
    <p class='ocr_par' dir='ltr' id='par_1_11' title="bbox 196 2623 1207 2726">
     <span class='ocr_line' id='line_1_22' title="bbox 196 2623 1207 2726; baseline 0.004 -30"><span class='ocrx_word' id='word_1_172' title='bbox 196 2629 263 2696; x_wconf 89' lang='lat' dir='ltr'><strong>Vix</strong></span> <span class='ocrx_word' id='word_1_173' title='bbox 285 2651 389 2696; x_wconf 89' lang='lat' dir='ltr'><strong>unum</strong></span> <span class='ocrx_word' id='word_1_174' title='bbox 404 2649 528 2694; x_wconf 90' lang='lat' dir='ltr'><strong>annum</strong></span> <span class='ocrx_word' id='word_1_175' title='bbox 544 2649 564 2694; x_wconf 91' lang='lat' dir='ltr'><strong>a</strong></span> <span class='ocrx_word' id='word_1_176' title='bbox 578 2626 717 2720; x_wconf 85' lang='lat' dir='ltr'><strong>negotiis</strong></span> <span class='ocrx_word' id='word_1_177' title='bbox 735 2623 907 2696; x_wconf 90' lang='lat' dir='ltr'><strong>Sallustius</strong></span> <span class='ocrx_word' id='word_1_178' title='bbox 925 2626 1093 2718; x_wconf 79' lang='lat' dir='ltr'><strong>abfuerat,</strong></span> <span class='ocrx_word' id='word_1_179' title='bbox 1105 2656 1207 2726; x_wconf 92' lang='lat' dir='ltr'><strong>quum</strong></span> 
     </span>
    </p>
   </div>
   <div class='ocr_carea' id='block_1_11' title="bbox 144 2731 1323 2833">
    <p class='ocr_par' dir='ltr' id='par_1_12' title="bbox 144 2731 1323 2833">
     <span class='ocr_line' id='line_1_23' title="bbox 144 2731 1323 2833; baseline 0.003 -31"><span class='ocrx_word' id='word_1_180' title='bbox 144 2735 328 2828; x_wconf 89' lang='lat' dir='ltr'><strong>inquietum</strong></span> <span class='ocrx_word' id='word_1_181' title='bbox 350 2748 384 2802; x_wconf 89' lang='lat' dir='ltr'><strong>ct</strong></span> <span class='ocrx_word' id='word_1_182' title='bbox 399 2733 458 2801; x_wconf 93' lang='lat' dir='ltr'><strong>otii</strong></span> <span class='ocrx_word' id='word_1_183' title='bbox 477 2733 701 2826; x_wconf 89' lang='lat' dir='ltr'><strong>impatientem</strong></span> <span class='ocrx_word' id='word_1_184' title='bbox 723 2732 758 2800; x_wconf 90' lang='lat' dir='ltr'><strong>in</strong></span> <span class='ocrx_word' id='word_1_185' title='bbox 777 2731 901 2802; x_wconf 90' lang='lat' dir='ltr'><strong>medias</strong></span> <span class='ocrx_word' id='word_1_186' title='bbox 924 2735 1111 2830; x_wconf 73' lang='lat' dir='ltr'><strong>reipublicae</strong></span> <span class='ocrx_word' id='word_1_187' title='bbox 1130 2763 1206 2833; x_wconf 88' lang='lat' dir='ltr'><strong>pro·</strong></span> <span class='ocrx_word' id='word_1_188' title='bbox 1319 2755 1323 2764; x_wconf 90' lang='grc'><strong>“</strong></span> 
     </span>
    </p>
   </div>
   <div class='ocr_carea' id='block_1_12' title="bbox 145 2839 1214 4107">
    <p class='ocr_par' dir='ltr' id='par_1_13' title="bbox 145 2839 1214 3989">
     <span class='ocr_line' id='line_1_24' title="bbox 145 2839 1208 2936; baseline 0.005 -28"><span class='ocrx_word' id='word_1_189' title='bbox 145 2839 244 2908; x_wconf 88' lang='lat' dir='ltr'><strong>cellas</strong></span> <span class='ocrx_word' id='word_1_190' title='bbox 260 2863 356 2908; x_wconf 77' lang='lat' dir='ltr'><strong>novae</strong></span> <span class='ocrx_word' id='word_1_191' title='bbox 373 2864 425 2907; x_wconf 90' lang='lat' dir='ltr'><strong>res</strong></span> <span class='ocrx_word' id='word_1_192' title='bbox 440 2839 655 2908; x_wconf 86' lang='lat' dir='ltr'><strong>immiserunt.</strong></span> <span class='ocrx_word' id='word_1_193' title='bbox 671 2839 847 2906; x_wconf 87' lang='lat' dir='ltr'><strong>Exarserat</strong></span> <span class='ocrx_word' id='word_1_194' title='bbox 863 2841 1058 2936; x_wconf 90' lang='lat' dir='ltr'><strong>Pompeium</strong></span> <span class='ocrx_word' id='word_1_195' title='bbox 1077 2845 1164 2913; x_wconf 84' lang='lat' dir='ltr'><strong>inter</strong></span> <span class='ocrx_word' id='word_1_196' title='bbox 1175 2859 1208 2912; x_wconf 90' lang='lat' dir='ltr'><strong>et</strong></span> 
     </span>
     <span class='ocr_line' id='line_1_25' title="bbox 145 2943 1208 3045; baseline 0.002 -29"><span class='ocrx_word' id='word_1_197' title='bbox 145 2948 311 3016; x_wconf 77' lang='lat' dir='ltr'><strong>Caesarem</strong></span> <span class='ocrx_word' id='word_1_198' title='bbox 327 2943 421 3013; x_wconf 86' lang='lat' dir='ltr'><strong>civile</strong></span> <span class='ocrx_word' id='word_1_199' title='bbox 440 2943 563 3012; x_wconf 89' lang='lat' dir='ltr'><strong>bellum</strong></span> <span class='ocrx_word' id='word_1_200' title='bbox 575 2959 628 3031; x_wconf 89' lang='lat' dir='ltr'><strong>,et</strong></span> <span class='ocrx_word' id='word_1_201' title='bbox 645 2945 733 3012; x_wconf 84' lang='lat' dir='ltr'><strong>intra</strong></span> <span class='ocrx_word' id='word_1_202' title='bbox 744 2946 913 3040; x_wconf 83' lang='lat' dir='ltr'><strong>sexaginta</strong></span> <span class='ocrx_word' id='word_1_203' title='bbox 925 2945 1053 3018; x_wconf 87' lang='lat' dir='ltr'><strong>dierum</strong></span> <span class='ocrx_word' id='word_1_204' title='bbox 1066 2953 1208 3045; x_wconf 90' lang='lat' dir='ltr'><strong>spatium</strong></span> 
     </span>
     <span class='ocr_line' id='line_1_26' title="bbox 145 3049 1210 3150; baseline 0.004 -29"><span class='ocrx_word' id='word_1_205' title='bbox 145 3067 218 3121; x_wconf 89' lang='lat' dir='ltr'><strong>tota</strong></span> <span class='ocrx_word' id='word_1_206' title='bbox 238 3049 332 3120; x_wconf 86' lang='lat' dir='ltr'><strong>Italia</strong></span> <span class='ocrx_word' id='word_1_207' title='bbox 346 3051 380 3118; x_wconf 91' lang='lat' dir='ltr'><strong>in</strong></span> <span class='ocrx_word' id='word_1_208' title='bbox 396 3051 535 3120; x_wconf 69' lang='lat' dir='ltr'><strong>Caesaris</strong></span> <span class='ocrx_word' id='word_1_209' title='bbox 551 3064 750 3144; x_wconf 88' lang='lat' dir='ltr'><strong>potestatem</strong></span> <span class='ocrx_word' id='word_1_210' title='bbox 772 3067 987 3122; x_wconf 87' lang='lat' dir='ltr'><strong>concesserat.</strong></span> <span class='ocrx_word' id='word_1_211' title='bbox 1003 3057 1089 3124; x_wconf 91' lang='lat' dir='ltr'><strong>Tum</strong></span> <span class='ocrx_word' id='word_1_212' title='bbox 1108 3059 1210 3150; x_wconf 89' lang='lat' dir='ltr'><strong>quieti</strong></span> 
     </span>
     <span class='ocr_line' id='line_1_27' title="bbox 147 3155 1210 3256; baseline 0.003 -28"><span class='ocrx_word' id='word_1_213' title='bbox 147 3160 287 3228; x_wconf 94' lang='lat' dir='ltr'><strong>omnino</strong></span> <span class='ocrx_word' id='word_1_214' title='bbox 304 3156 460 3226; x_wconf 84' lang='lat' dir='ltr'><strong>valedixit</strong></span> <span class='ocrx_word' id='word_1_215' title='bbox 482 3155 671 3226; x_wconf 84' lang='lat' dir='ltr'><strong>Sallustius:</strong></span> <span class='ocrx_word' id='word_1_216' title='bbox 690 3157 837 3251; x_wconf 87' lang='lat' dir='ltr'><strong>potiente</strong></span> <span class='ocrx_word' id='word_1_217' title='bbox 857 3161 944 3228; x_wconf 78' lang='lat' dir='ltr'><strong>e‘nim</strong></span> <span class='ocrx_word' id='word_1_218' title='bbox 967 3185 1077 3230; x_wconf 89' lang='lat' dir='ltr'><strong>rerum</strong></span> <span class='ocrx_word' id='word_1_219' title='bbox 1092 3187 1133 3230; x_wconf 91' lang='lat' dir='ltr'><strong>eo</strong></span> <span class='ocrx_word' id='word_1_220' title='bbox 1152 3163 1210 3256; x_wconf 92' lang='lat' dir='ltr'><strong>qui</strong></span> 
     </span>
     <span class='ocr_line' id='line_1_28' title="bbox 148 3262 1210 3358; baseline 0.002 -24"><span class='ocrx_word' id='word_1_221' title='bbox 148 3265 210 3335; x_wconf 82' lang='lat' dir='ltr'><strong>sibi</strong></span> <span class='ocrx_word' id='word_1_222' title='bbox 224 3263 420 3358; x_wconf 89' lang='lat' dir='ltr'><strong>jamdudum</strong></span> <span class='ocrx_word' id='word_1_223' title='bbox 434 3264 560 3332; x_wconf 89' lang='lat' dir='ltr'><strong>amicus</strong></span> <span class='ocrx_word' id='word_1_224' title='bbox 574 3262 676 3350; x_wconf 86' lang='lat' dir='ltr'><strong>foret,</strong></span> <span class='ocrx_word' id='word_1_225' title='bbox 691 3263 844 3358; x_wconf 87' lang='lat' dir='ltr'><strong>sperabat</strong></span> <span class='ocrx_word' id='word_1_226' title='bbox 863 3290 898 3333; x_wconf 93' lang='lat' dir='ltr'><strong>se</strong></span> <span class='ocrx_word' id='word_1_227' title='bbox 916 3265 1009 3334; x_wconf 92' lang='lat' dir='ltr'><strong>brevi</strong></span> <span class='ocrx_word' id='word_1_228' title='bbox 1022 3267 1063 3336; x_wconf 90' lang='lat' dir='ltr'><strong>ad</strong></span> <span class='ocrx_word' id='word_1_229' title='bbox 1082 3291 1210 3338; x_wconf 89' lang='lat' dir='ltr'><strong>summa</strong></span> 
     </span>
     <span class='ocr_line' id='line_1_29' title="bbox 147 3371 1210 3466; baseline 0.006 -30"><span class='ocrx_word' id='word_1_230' title='bbox 147 3385 396 3466; x_wconf 81' lang='lat' dir='ltr'><strong>perventurum.</strong></span> <span class='ocrx_word' id='word_1_231' title='bbox 421 3373 495 3438; x_wconf 89' lang='lat' dir='ltr'><strong>Hoc</strong></span> <span class='ocrx_word' id='word_1_232' title='bbox 519 3383 667 3464; x_wconf 88' lang='lat' dir='ltr'><strong>tempore</strong></span> <span class='ocrx_word' id='word_1_233' title='bbox 689 3372 830 3464; x_wconf 90' lang='lat' dir='ltr'><strong>primam</strong></span> <span class='ocrx_word' id='word_1_234' title='bbox 853 3371 1036 3465; x_wconf 86' lang='lat' dir='ltr'><strong>Epistulam</strong></span> <span class='ocrx_word' id='word_1_235' title='bbox 1060 3372 1101 3442; x_wconf 90' lang='lat' dir='ltr'><strong>de</strong></span> <span class='ocrx_word' id='word_1_236' title='bbox 1122 3374 1210 3442; x_wconf 88' lang='lat' dir='ltr'><strong>ordi·</strong></span> 
     </span>
     <span class='ocr_line' id='line_1_30' title="bbox 147 3473 1212 3570; baseline 0.002 -24"><span class='ocrx_word' id='word_1_237' title='bbox 147 3476 257 3546; x_wconf 89' lang='lat' dir='ltr'><strong>nanda</strong></span> <span class='ocrx_word' id='word_1_238' title='bbox 277 3474 471 3570; x_wconf 88' lang='lat' dir='ltr'><strong>republica,</strong></span> <span class='ocrx_word' id='word_1_239' title='bbox 492 3499 591 3570; x_wconf 87' lang='lat' dir='ltr'><strong>quam</strong></span> <span class='ocrx_word' id='word_1_240' title='bbox 612 3473 746 3569; x_wconf 91' lang='lat' dir='ltr'><strong>quidam</strong></span> <span class='ocrx_word' id='word_1_241' title='bbox 767 3475 849 3545; x_wconf 82' lang='lat' dir='ltr'><strong>salso</strong></span> <span class='ocrx_word' id='word_1_242' title='bbox 873 3477 1051 3547; x_wconf 88' lang='lat' dir='ltr'><strong>secundam</strong></span> <span class='ocrx_word' id='word_1_243' title='bbox 1072 3494 1212 3567; x_wconf 88' lang='lat' dir='ltr'><strong>vocant,</strong></span> 
     </span>
     <span class='ocr_line' id='line_1_31' title="bbox 148 3582 1211 3676; baseline 0.003 -25"><span class='ocrx_word' id='word_1_244' title='bbox 148 3583 193 3652; x_wconf 88' lang='lat' dir='ltr'><strong>ad</strong></span> <span class='ocrx_word' id='word_1_245' title='bbox 211 3583 374 3651; x_wconf 75' lang='lat' dir='ltr'><strong>Cesaram</strong></span> <span class='ocrx_word' id='word_1_246' title='bbox 394 3583 562 3676; x_wconf 73' lang='lat' dir='ltr'><strong>scripsisse</strong></span> <span class='ocrx_word' id='word_1_247' title='bbox 582 3605 658 3650; x_wconf 88' lang='lat' dir='ltr'><strong>eum</strong></span> <span class='ocrx_word' id='word_1_248' title='bbox 680 3595 770 3652; x_wconf 90' lang='lat' dir='ltr'><strong>recte</strong></span> <span class='ocrx_word' id='word_1_249' title='bbox 787 3582 960 3675; x_wconf 88' lang='lat' dir='ltr'><strong>conjicies,</strong></span> <span class='ocrx_word' id='word_1_250' title='bbox 982 3587 1008 3653; x_wconf 93' lang='lat' dir='ltr'><strong>si</strong></span> <span class='ocrx_word' id='word_1_251' title='bbox 1030 3583 1129 3654; x_wconf 93' lang='lat' dir='ltr'><strong>modo</strong></span> <span class='ocrx_word' id='word_1_252' title='bbox 1151 3584 1211 3654; x_wconf 88' lang='lat' dir='ltr'><strong>has</strong></span> 
     </span>
     <span class='ocr_line' id='line_1_32' title="bbox 149 3686 1212 3784; baseline 0.002 -26"><span class='ocrx_word' id='word_1_253' title='bbox 149 3687 330 3783; x_wconf 85' lang='lat' dir='ltr'><strong>Epistolas‚</strong></span> <span class='ocrx_word' id='word_1_254' title='bbox 341 3687 432 3784; x_wconf 92' lang='lat' dir='ltr'><strong>quod</strong></span> <span class='ocrx_word' id='word_1_255' title='bbox 446 3712 515 3756; x_wconf 90' lang='lat' dir='ltr'><strong>non</strong></span> <span class='ocrx_word' id='word_1_256' title='bbox 529 3686 655 3756; x_wconf 88' lang='lat' dir='ltr'><strong>levibus</strong></span> <span class='ocrx_word' id='word_1_257' title='bbox 668 3687 829 3757; x_wconf 87' lang='lat' dir='ltr'><strong>decausis</strong></span> <span class='ocrx_word' id='word_1_258' title='bbox 849 3687 994 3760; x_wconf 85' lang='lat' dir='ltr'><strong>affirmat</strong></span> <span class='ocrx_word' id='word_1_259' title='bbox 1004 3693 1055 3759; x_wconf 88' lang='lat' dir='ltr'><strong>vir</strong></span> <span class='ocrx_word' id='word_1_260' title='bbox 1066 3691 1212 3760; x_wconf 84' lang='lat' dir='ltr'><strong>historiae</strong></span> 
     </span>
     <span class='ocr_line' id='line_1_33' title="bbox 150 3789 1214 3889; baseline 0.006 -27"><span class='ocrx_word' id='word_1_261' title='bbox 150 3819 294 3862; x_wconf 78' lang='lat' dir='ltr'><strong>romane</strong></span> <span class='ocrx_word' id='word_1_262' title='bbox 311 3809 344 3864; x_wconf 89' lang='lat' dir='ltr'><strong>et</strong></span> <span class='ocrx_word' id='word_1_263' title='bbox 371 3793 560 3863; x_wconf 89' lang='lat' dir='ltr'><strong>Sallustiani</strong></span> <span class='ocrx_word' id='word_1_264' title='bbox 581 3795 701 3888; x_wconf 84' lang='lat' dir='ltr'><strong>ingenii</strong></span> <span class='ocrx_word' id='word_1_265' title='bbox 719 3796 932 3889; x_wconf 87' lang='lat' dir='ltr'><strong>peritissimus</strong></span> <span class='ocrx_word' id='word_1_266' title='bbox 959 3789 1020 3886; x_wconf 86' lang='lat' dir='ltr'><strong>(le</strong></span> <span class='ocrx_word' id='word_1_267' title='bbox 1043 3791 1214 3868; x_wconf 81' lang='lat' dir='ltr'><strong>ore&#39;sident</strong></span> 
     </span>
     <span class='ocr_line' id='line_1_34' title="bbox 151 3891 931 3989; baseline 0.001 -19"><span class='ocrx_word' id='word_1_268' title='bbox 151 3901 207 3970; x_wconf 86' lang='lat' dir='ltr'><strong>De</strong></span> <span class='ocrx_word' id='word_1_269' title='bbox 226 3891 407 3989; x_wconf 79' lang='lat' dir='ltr'><strong>Brosses),</strong></span> <span class='ocrx_word' id='word_1_270' title='bbox 421 3898 633 3969; x_wconf 81' lang='lat' dir='ltr'><strong>Sallustianos</strong></span> <span class='ocrx_word' id='word_1_271' title='bbox 654 3925 724 3968; x_wconf 87' lang='lat' dir='ltr'><strong>esse</strong></span> <span class='ocrx_word' id='word_1_272' title='bbox 744 3900 931 3971; x_wconf 90' lang='lat' dir='ltr'><strong>credideris.</strong></span> 
     </span>
    </p>

    <p class='ocr_par' dir='ltr' id='par_1_14' title="bbox 203 4007 1214 4107">
     <span class='ocr_line' id='line_1_35' title="bbox 203 4007 1214 4107; baseline 0.004 -29"><span class='ocrx_word' id='word_1_273' title='bbox 203 4009 309 4104; x_wconf 81' lang='lat' dir='ltr'><strong>Igitur</strong></span> <span class='ocrx_word' id='word_1_274' title='bbox 321 4009 457 4078; x_wconf 86' lang='lat' dir='ltr'><strong>favente</strong></span> <span class='ocrx_word' id='word_1_275' title='bbox 467 4009 613 4096; x_wconf 74' lang='lat' dir='ltr'><strong>cesare,</strong></span> <span class='ocrx_word' id='word_1_276' title='bbox 624 4031 712 4076; x_wconf 87' lang='lat' dir='ltr'><strong>anno</strong></span> <span class='ocrx_word' id='word_1_277' title='bbox 722 4009 765 4076; x_wconf 89' lang='lat' dir='ltr'><strong>U.</strong></span> <span class='ocrx_word' id='word_1_278' title='bbox 783 4009 824 4077; x_wconf 87' lang='lat' dir='ltr'><strong>C.</strong></span> <span class='ocrx_word' id='word_1_279' title='bbox 837 4007 930 4103; x_wconf 85' lang='lat'><strong>706,</strong></span> <span class='ocrx_word' id='word_1_280' title='bbox 942 4009 1061 4078; x_wconf 84' lang='lat' dir='ltr'><strong>iterum</strong></span> <span class='ocrx_word' id='word_1_281' title='bbox 1072 4026 1214 4107; x_wconf 72' lang='lat' dir='ltr'><strong>questos</strong></span> 
     </span>
    </p>
   </div>
   <div class='ocr_carea' id='block_1_13' title="bbox 1005 4143 1032 4210">
    <p class='ocr_par' dir='ltr' id='par_1_15' title="bbox 1005 4143 1032 4210">
     <span class='ocr_line' id='line_1_36' title="bbox 1005 4143 1032 4210; baseline 0 0"><span class='ocrx_word' id='word_1_282' title='bbox 1005 4143 1032 4210; x_wconf 88' lang='lat' dir='ltr'>B</span> 
     </span>
    </p>
   </div>
   <div class='ocr_carea' id='block_1_14' title="bbox 0 0 1494 4642">
    <p class='ocr_par' dir='ltr' id='par_1_16' title="bbox 0 0 1494 4642">
     <span class='ocr_line' id='line_1_37' title="bbox 0 0 1494 4642; baseline 0 0"><span class='ocrx_word' id='word_1_283' title='bbox 0 0 1494 4642; x_wconf 95' lang='lat' dir='ltr'><strong> </strong></span> 
     </span>
    </p>
   </div>
  </div>
 </body>
</html>
