2916 4630
515 413 782 482 carmina.
1076 451 1081 462 ·
1142 411 1192 507 95

20 621 22 631 q
137 536 289 609 videlicet
305 541 356 610 dis
373 541 610 612 immortalibus
629 541 760 628 confisi,
781 540 837 635 qui
854 541 941 611 hanc
959 540 1193 638 rempublicam

136 645 350 716 inmaxumis
371 673 456 743 saepe
481 648 632 743 periculis
660 671 840 718 servavere.
863 651 940 720 Non
966 651 1067 737 votis,
1089 674 1195 744 neque

138 738 1196 850 suppliciis³⁸muliebribusauxiliadeorumparanturzvigilando,

138 858 282 953 agendo,
303 861 387 956 bene
418 861 619 932 consulendo
649 885 807 957 prospera
836 863 946 932 omnia
977 861 1119 931 cedunt:
1139 862 1195 930 ubi

138 965 292 1036 secordias
314 981 347 1036 te
368 981 466 1062 atque
494 970 631 1063 ignaviae
662 967 851 1055 tradideris,
874 968 1095 1062 nequidquam
1117 968 1195 1038 deos

141 1057 432 1164 implores³⁹3irati
452 1075 623 1170 infestique
645 1089 729 1144 sunt.
752 1073 851 1170 Apud
861 1075 1000 1168 majores
1011 1089 1140 1144 nostros
1157 1078 1193 1143 T.

141 1175 285 1248 Manlius
304 1183 488 1275 Torquatus
497 1168 522 1212 ⁴⁰
543 1180 630 1252 bello
657 1180 773 1276 gallico
794 1179 898 1250 filium
925 1205 1038 1268 suum,
1059 1179 1148 1275 quod
1170 1183 1196 1250 is

141 1297 256 1352 contra
275 1287 448 1382 imperium
479 1289 513 1358 in
544 1289 673 1358 hostem
704 1301 923 1384 pugnaverat,
944 1288 1054 1356 necari
1081 1287 1196 1380 jussit;

141 1401 237 1482 atque
267 1390 321 1462 illc
343 1396 501 1490 egregius
531 1393 719 1465 adolescens
750 1393 971 1464 immoderatae
999 1392 1197 1462 fortitudinis

142 1511 245 1566 morte
266 1523 381 1593 poenas
401 1499 499 1569 dedit.
514 1503 584 1570 Vos
606 1501 648 1570 de
669 1499 908 1571 crudelissumis
929 1499 1097 1595 parricidis
1118 1498 1197 1593 quid

141 1605 303 1692 statuatis,
321 1607 520 1676 cunctamini
529 1593 569 1674 ⁴¹!
583 1606 744 1677 Videlicet
755 1609 822 1676 vita
843 1622 951 1678 cetera
963 1593 1108 1675 eomm⁴²
1119 1605 1197 1674 huic

142 1706 252 1778 sceleri
279 1711 397 1782 obstat.
420 1716 546 1784 Verum
573 1715 698 1808 parcite
725 1713 874 1808 dignitati
904 1712 1054 1800 Lentuli,
1076 1713 1102 1782 si
1129 1711 1198 1807 ipse

141 1814 317 1906 pudicitiae,
339 1821 366 1888 si
388 1819 482 1890 famae
514 1845 599 1907 suae,
621 1819 647 1888 si
668 1819 717 1889 dis
738 1835 795 1888 aut
825 1819 1011 1890 hominibus
1040 1843 1198 1913 umquam

142 1919 213 1989 ullis
223 1925 390 2018 pepercit:
404 1927 560 2020 ignoscite
575 1926 714 2021 Cethegi
725 1925 964 2014 adolescentia,
977 1927 1037 1996 nisi
1049 1927 1167 1994 iterum
1173 1910 1197 1956 ⁴³

142 2028 252 2118 patriae
273 2027 397 2102 bellurn
419 2032 503 2102 fecit.
525 2035 612 2102 Nam
634 2033 713 2126 quid
735 2057 796 2127 ego
818 2033 859 2102 de
882 2032 1038 2118 Gabinio,
1051 2031 1198 2118 Statilio,

143 2133 294 2228 Coepario
315 2135 581 2232 loquariquibus
603 2139 629 2208 si
647 2138 826 2234 quidquam
844 2161 1000 2230 umquam
1016 2137 1108 2231 pensi
1126 2135 1199 2204 fuis

142 2252 204 2326 set,
224 2266 295 2310 non
316 2265 355 2311 ea
376 2243 508 2314 consilia
529 2243 570 2312 de
591 2243 759 2340 republica
779 2242 976 2311 habuissent.

191 2347 381 2437 Postremo,
392 2365 501 2446 patres
516 2350 708 2445 conscripti,
721 2349 747 2419 si
758 2347 945 2419 mehercule
959 2361 1095 2442 peccato
1108 2345 1199 2416 locus

144 2467 225 2520 esset
234 2439 276 2541 ⁴⁴,
289 2454 383 2525 facile
394 2471 550 2551 paterer,
562 2482 621 2526 vos
636 2457 705 2550 ipsa
727 2479 763 2524 re
784 2455 920 2548 corrigi,
932 2454 1087 2547 quoniam
1099 2454 1200 2522 verba

144 2562 375 2650 contemnitis3
405 2562 462 2631 sed
493 2563 637 2658 undique
668 2563 883 2632 circumventi
915 2585 1036 2630 sumus.
1061 2558 1199 2630 Catilina

183 2767 228 2824 38.
245 2769 380 2840 Sapplicr'r'r.
397 2771 647 2844 supplicationibus,
733 2777 778 2836 ἀι.
795 2771 874 2824 Vos...
891 2774 1039 2824 crustumini.
1054 2773 1200 2841 Angumen-

145 2839 647 2919 utsupra,1X,n⁰4.—-Muliebribus.
692 2861 749 2904 tum
768 2871 784 2902 a
802 2852 912 2918 somma,
935 2853 1008 2923 cujus
1031 2851 1117 2922 prima
1134 2869 1201 2922 pars

146 2926 208 2991 Quae
225 2928 363 2996 mulieres,
377 2948 432 2983 non
444 2933 528 2997 viros,
546 2930 648 2984 decent.
693 2943 747 2996 est,
762 2931 828 3001 apud
836 2938 936 3001 majores
950 2943 1057 2996 nostros,
1070 2943 1119 2984 etc.

186 3008 231 3078 39.
239 3008 404 3080 Nequidquam
413 3049 420 3071 ,
430 3021 474 3063 etc.
486 3011 574 3064 Verbo
582 3029 651 3081 quae·
733 3015 778 3073 4².
787 3009 817 3062 V
813 3011 906 3066 ablicet
913 3015 967 3062 cita
975 3023 1144 3072 ceteraeorum,
1154 3022 1198 3062 etc.

145 3083 205 3140 dam
224 3088 325 3140 Metelli
340 3089 475 3143 Numidici
490 3091 571 3143 refert
581 3090 649 3144 Gell.
692 3089 804 3142 Ironice.
816 3089 938 3144 Ostendit
951 3109 981 3144 cx
995 3091 1095 3162 reliqua
1109 3109 1200 3144 eorum

145 3182 172 3230 1,
188 3171 218 3232 6,
234 3167 262 3220 in
278 3167 396 3223 eamdem
410 3170 580 3234 sententiam,
595 3189 650 3222 me·
691 3170 745 3223 vita
761 3170 882 3240 prasenti
899 3171 988 3223 sceleri
1008 3170 1200 3228 excusationem

144 3260 248 3298 moratu
269 3246 441 3320 dignissima:
463 3275 475 3298 ι
496 3249 569 3316 Quid
588 3268 650 3319 ergo
692 3237 748 3320 peti
763 3268 817 3301 non
829 3267 913 3320 posse.

144 3341 221 3380 nona
245 3325 296 3379 diis
318 3327 509 3383 immortalibus
524 3327 651 3382 divinitus
735 3317 787 3391 43:
796 3329 853 3380 Nisi
864 3332 1010 3390 iter-rumore.
1020 3328 1139 3381 Primum
1150 3328 1200 3380 Ce-

144 3419 339 3476 exspectemus,
353 3410 404 3475 nisi
418 3409 492 3462 molis
506 3409 651 3462 rationibus
693 3408 786 3478 thegus
796 3406 887 3477 patriar
896 3407 995 3458 bellum
1007 3407 1135 3459 secitcum
1143 3407 1199 3458 Ma·

144 3482 224 3538 finem
241 3487 383 3542 iaciamus?
397 3489 444 3541 His
466 3487 573 3541 demum
589 3488 652 3541 deos
693 3487 743 3539 rio.
760 3484 857 3538 Vide.
872 3475 1010 3551 xv11,n⁰
1025 3503 1068 3538 rr.
1082 3485 1200 3554 Ignoscite

143 3566 274 3636 propitio·
291 3586 346 3620 esse
359 3587 462 3640 mquam
473 3581 526 3634 est,
542 3569 586 3640 qui
602 3569 652 3620 sibi
694 3564 1073 3632 adolescentiae,ironicedictum
1080 3577 1126 3617 est.
1132 3565 1201 3617 Male

145 3642 288 3699 adversarii
297 3666 352 3700 non
363 3661 431 3701 sunt.
442 3649 486 3701 Dii
493 3648 652 3700 immortales
695 3646 764 3698 eninr
773 3665 801 3698 se
810 3647 890 3699 astatis
902 3645 1033 3718 imperitia
1042 3657 1144 3710 tuetur,
1155 3644 1201 3715 qui

143 3723 269 3778 virtutem
286 3729 448 3799 approbare,
458 3747 513 3782 nou
528 3727 653 3781 adhibere
694 3725 789 3796 viginti
800 3738 860 3778 ante
871 3735 963 3793 annos,
977 3727 1068 3798 patriae
1077 3729 1131 3796 jam
1145 3725 1201 3776 bel·

143 3799 250 3857 debent.
264 3831 275 3852 n
694 3807 750 3858 lum
764 3805 863 3858 intulit.

186 3890 231 3947 4ο.
251 3887 281 3938 Τ.
296 3885 405 3940 Manlius
422 3887 565 3960 Torquatus.
583 3884 654 3939 Vide
736 3891 783 3949 dd.
799 3885 854 3938 Si...
858 3898 957 3957 peccato
967 3887 1031 3938 locus
1043 3897 1109 3936 esset.
1125 3883 1151 3938 Si
1167 3883 1201 3936 si·

144 3961 265 4031 livium,
280 3984 349 4032 rrrr,
364 3986 398 4038 7,
414 3967 461 4040 qui
475 3967 526 4021 hoc
542 3967 569 4020 in
584 3967 653 4019 bello
696 3983 730 4018 ne
741 3977 811 4018 certa
822 3967 938 4037 pernicie
955 3963 1054 4034 aliquid
1070 3963 1202 4018 inhaere

144 4059 200 4094 non
209 4045 375 4114 gallioo‚sed
387 4048 587 4114 brinnacum
599 4065 654 4100 esse
695 4064 818 4116 peccare,
829 4044 858 4097 id
876 4058 929 4110 est,
944 4045 1030 4098 minus
1050 4045 1118 4097 bene
1139 4063 1202 4097 con·

146 4131 263 4178 tutatio.
697 4126 781 4178 sulere
793 4143 934 4196 possemus.
