2950 4646
240 393 310 466 ιφ
494 371 532 436 c.
561 367 736 436 catsrt
765 363 1045 434 sannosrn

234 521 312 590 faeti
331 521 381 589 sui
389 503 412 607 ⁵,
440 532 538 613 atque
563 519 598 586 in
621 517 820 586 deditionem
850 519 898 584 uti
927 518 1150 612 acciperetur3
1177 515 1302 614 reliqua

233 653 311 696 cum
329 627 437 697 Bestia
457 641 491 694 et
510 627 635 694 Scauro
654 639 780 694 secreta
795 625 962 718 transigit,
979 624 1056 693 dein
1077 639 1210 720 postero
1232 627 1302 716 die,
1349 711 1352 715 .

232 736 325 828 quasi
350 759 409 828 per
437 719 605 802 saturam⁶
629 734 794 827 exquisitis
823 733 1015 820 sententiis,
1038 734 1071 799 in
1100 731 1301 803 deditionem

234 842 403 935 accipitur.
423 840 506 928 Sed,
521 843 569 908 uti
586 865 647 934 pro
666 837 803 908 consilio
821 841 1019 933 imperatum
1035 854 1123 927 erat,
1134 838 1302 935 elephanti

233 949 383 1042 triginta,
395 972 496 1042 pecus
518 962 616 1041 atque
633 949 709 1041 equi
730 945 840 1033 multi,
856 970 933 1015 cum
952 969 1057 1040 parvo
1075 949 1203 1041 argenti
1223 973 1302 1042 pon-

233 1053 311 1123 dere
336 1056 490 1149 quaestori
511 1054 696 1123 traduntur.
726 1052 926 1149 Calpurnius
952 1055 1095 1126 Romam
1122 1053 1165 1122 ad
1183 1057 1300 1149 magis·

232 1175 337 1230 tratus
347 1161 525 1256 rogandos⁷
540 1159 782 1256 proficiscitur:
797 1163 832 1230 in
847 1159 1005 1230 Numidia
1018 1175 1053 1230 et
1064 1162 1211 1230 exercitu
1225 1185 1299 1230 nos·

231 1282 284 1337 tro
304 1291 369 1363 pax
389 1269 583 1363 agitabatur.

149 1471 153 1478 '
232 1468 489 1523 differantcomilinm
498 1482 525 1522 et
533 1470 670 1531 concilium,
681 1487 746 1540 pau·
789 1469 830 1540 pit
842 1481 892 1542 pr'o
908 1469 962 1522 cibi
975 1488 1070 1541 genere
1084 1489 1117 1523 ex
1130 1470 1211 1524 variis
1223 1471 1302 1525 rebus

232 1551 270 1602 cis
282 1550 441 1602 notabimus.
458 1549 580 1620 Utroque
595 1561 677 1601 costus
695 1549 745 1600 ho·
789 1545 913 1616 condito,
925 1544 998 1611 (vid.
1014 1549 1084 1602 Fest.
1096 1549 1125 1601 in
1135 1550 1185 1602 hac
1200 1548 1301 1617 voee);

232 1629 337 1682 minum
355 1628 517 1681 declaratur:
534 1630 645 1694 cornilio,
658 1627 745 1680 homi·
789 1626 887 1681 deinde
902 1647 953 1699 pro
973 1629 1090 1682 cmmine
1107 1629 1188 1684 variis
1202 1643 1301 1683 metro-

233 1725 280 1762 nes
299 1707 334 1760 ad
349 1709 516 1760 consulendum
533 1727 579 1762 seu
597 1706 746 1760 deliberari·
789 1727 850 1760 rum
871 1709 1012 1779 generibus
1033 1710 1196 1780 composito,
1215 1710 1303 1781 qualis

234 1786 299 1840 dum
310 1789 411 1854 vocati,
425 1789 537 1854 concilio,
549 1789 685 1856 homines,
704 1787 746 1841 vel
789 1789 952 1860 scripserunt
975 1790 1122 1856 Pacuvius,
1136 1790 1256 1857 Ennius,
1276 1805 1304 1844 et

233 1866 267 1920 ad
283 1866 498 1933 deliberandum,
510 1869 552 1920 vel
566 1869 615 1920 alia
629 1868 747 1938 qualibet

233 1966 311 2002 causa
328 1948 356 2001 in
372 1967 456 2002 unum
472 1947 563 2001 coacti.
578 1947 688 2000 Senatus
704 1947 746 2001 di-

233 2029 302 2082 citur
322 2031 444 2082 consilium
462 2029 598 2099 publicum,
617 2041 747 2100 quatenus

233 2110 386 2181 reipublicae
398 2109 524 2176 consulit;
532 2122 629 2180 patrum
639 2121 747 2163 sanctum

234 2191 358 2243 concilium
368 2186 450 2252 (Hor.
465 2190 553 2243 Carm.
570 2209 611 2254 rr,
625 2186 672 2256 5),
685 2209 747 2262 qua-

234 2282 311 2323 tenus
327 2283 434 2342 patrum
446 2283 591 2323 conventus
607 2281 654 2322 est.
670 2271 745 2323 Nun·

234 2369 313 2422 quam
329 2349 382 2402 dici
396 2364 495 2423 potest,
505 2363 598 2421 proetor
610 2351 640 2400 dc
652 2351 748 2401 concilii

233 2433 349 2482 sententia
359 2434 515 2502 pronunciat,
531 2428 577 2482 sed
589 2430 619 2481 dc
632 2435 747 2482 sententia

233 2513 340 2572 consilii,
354 2511 372 2562 i.
389 2529 412 2562 e.
427 2509 563 2581 judicum,
577 2509 622 2580 qui
639 2511 747 2582 proetori

233 2590 396 2643 consultores
406 2589 528 2642 assident.
537 2591 639 2642 Verum
654 2587 687 2641 de
702 2591 746 2642 iis-

233 2668 296 2722 dem
316 2681 387 2721 recte
412 2668 535 2735 dicetur,
552 2681 646 2739 prator
667 2674 746 2721 conci-

235 2749 293 2800 lium
308 2744 353 2810 (id
370 2760 408 2800 est
428 2745 607 2814 coetum),vel
624 2750 747 2801 consilium

234 2823 274 2890 (i.
290 2847 314 2880 e.
331 2825 511 2891 consultores)
524 2829 629 2879 dimittit.
652 2829 746 2881 Consi·

233 2907 300 2960 lium
311 2905 452 2959 deducitur
463 2925 476 2959 a
486 2908 641 2968 consutam
657 2909 745 2960 conci-

234 2988 313 3051 lium,
324 3006 338 3039 a
349 2987 508 3048 concedendo,
523 2987 540 3038 i.
552 3007 575 3039 e.
588 2989 744 3041 convocando.

234 3067 524 3138 Hincpatetnunquam
532 3068 669 3132 comediam,
681 3087 747 3120 sem·

234 3167 282 3219 per
289 3148 410 3199 cormilium
417 3145 569 3218 dioi,quum
577 3145 746 3200 de‘sententia

233 3228 513 3300 aliquaautproposito
521 3229 614 3299 agitur.
621 3228 661 3280 Ex
668 3234 745 3281 coati-

235 3309 274 3370 lio,
287 3309 432 3374 consiliari,
440 3325 612 3361 consumens.
620 3309 660 3360 Ex
667 3314 745 3362 coaci-

234 3390 279 3454 Ιὶο,
292 3389 448 3455 conciliare,
459 3389 581 3455 usumin,
591 3407 744 3442 concrema.

790 1868 894 1934 Varro,
908 1869 955 1940 qui
974 1869 1054 1922 etiam
1073 1887 1179 1940 prosam
1198 1871 1303 1924 miscuit

790 1947 901 2000 carmini
913 1945 939 2010 t(
946 1961 972 2002 et
987 1945 1028 2001 hai
1038 1947 1147 2020 quidem
1160 1949 1237 2003 initio
1248 1951 1302 2004 fue·

788 2041 854 2082 nant
873 2033 969 2092 satim,
987 2047 1051 2100 ques
1072 2041 1164 2101 postea
1185 2031 1304 2086 Lucilius

791 2122 817 2161 et
832 2108 960 2162 Horatius
979 2111 1038 2162 unis
1060 2110 1218 2164 hexametris
1240 2112 1304 2164 scri·

789 2186 926 2261 pserunt).
940 2187 1031 2242 Festus
1040 2187 1168 2262 denique,
1177 2191 1304 2245 sinescri·

789 2270 1305 2342 ptorumauctoritate,aliquamlegemsa·

791 2361 869 2401 amam
883 2351 962 2403 fuisse
975 2348 1103 2419 credidit,
1116 2371 1146 2403 ee
1158 2353 1238 2404 multis
1249 2354 1304 2404 altis

791 2429 882 2499 legibus
896 2431 1035 2497 consertam.
1056 2431 1135 2484 Certe
1152 2451 1204 2485 vox
1220 2445 1305 2484 satura

790 2511 952 2564 substantive
970 2510 1092 2582 ponitur;
1107 2523 1134 2565 et
1153 2511 1248 2578 dictio,
1258 2533 1304 2584 per

789 2601 907 2652 saturam,
924 2591 951 2642 in
967 2591 1139 2661 proverbium
1155 2593 1232 2659 abiit,
1249 2611 1303 2665 quo

790 2669 892 2740 aliquid
908 2671 1069 2742 permixtum
1078 2683 1105 2723 et
1120 2691 1151 2724 ex
1171 2673 1304 2726 variisne·

789 2749 839 2802 bus
849 2752 989 2803 confusum
998 2750 1168 2806 indicaretur.
1178 2753 1211 2808 In
1224 2771 1304 2826 supra

789 2826 862 2881 dicto
878 2829 948 2883 Festi
959 2832 1032 2896 loeo,
1048 2836 1170 2902 imperuim
1181 2833 1302 2905 quodple·

790 2908 891 2980 hesper
909 2923 1015 2962 saturam
1034 2911 1145 2975 dederat,
1163 2926 1203 2966 eat
1217 2913 1301 2986 impe·

789 2989 861 3041 rium
884 2992 1020 3062 rogatione
1044 2992 1106 3044 alias
1131 3011 1237 3065 quoque
1261 3011 1302 3046 res

789 3071 980 3140 complectente
999 3089 1162 3126 concessum.
1175 3073 1301 3126 Justinia-

790 3167 856 3214 nus,
874 3151 901 3202 in
917 3151 1072 3222 prefatione
1085 3155 1173 3224 prima
1187 3151 1302 3224 digesto-

789 3247 861 3286 rum.
874 3250 942 3302 opus
956 3229 1022 3283 dicit
1031 3237 1130 3301 sparsim
1144 3245 1169 3284 et
1182 3237 1251 3305 quasi
1258 3251 1303 3303 per

789 3322 896 3361 saturam
908 3311 1036 3372 collecturi,
1051 3314 1107 3364 utile
1116 3333 1168 3365 cum
1180 3313 1302 3365 inutilibus

790 3392 889 3443 mistim.
898 3392 1080 3462 Quapropter,
1087 3412 1147 3464 quse
1157 3394 1201 3446 hic
1209 3393 1301 3446 dicun·

265 3470 746 3536 5.Det'amdiosoctism'.Tentatverbis
789 3480 834 3521 tur
848 3476 918 3542 quasi
926 3491 972 3542 per
984 3482 1091 3523 saturam
1107 3475 1231 3544 exquisitae
1248 3494 1303 3525 sert·

233 3550 336 3602 amoliri
347 3548 487 3614 invidiam,
497 3568 576 3620 quiam
589 3548 746 3603 Adherbalis
790 3553 881 3612 tentiae,
895 3569 938 3604 eas
952 3551 1027 3603 nullo
1039 3550 1147 3618 ordine,
1157 3565 1183 3605 et
1195 3552 1229 3605 de
1242 3573 1304 3606 con·

232 3643 259 3683 et
268 3631 380 3682 aliorum
390 3628 473 3682 eaedes
483 3631 507 3680 ei
517 3627 683 3681 conflaverat.
789 3627 935 3684 ditionibus
963 3633 1109 3702 congestim
1137 3634 1302 3704 propositis,

274 3714 301 3763 6.
316 3711 394 3779 Quasi
403 3729 449 3778 per
459 3721 573 3760 saturum.
589 3709 696 3775 Santra,
713 3711 745 3762 ab
789 3711 910 3764 collectas
925 3712 1093 3782 interpretari
1108 3731 1256 3784 possumus.

233 3787 361 3860 adjectivo
377 3799 457 3848 satur,
475 3801 545 3852 erat,
560 3800 623 3840 teste
638 3789 745 3841 Diome·
831 3809 856 3860 7.
874 3791 920 3844 Ad
936 3796 1091 3860 magistratus
1110 3794 1239 3863 rogandos.
1260 3791 1304 3844 Ad

232 3867 266 3921 de
282 3887 334 3934 ιιι,
348 3870 409 3920 lanx
424 3867 624 3937 omnigenarum
640 3869 746 3940 frugum
790 3871 895 3922 comitis
911 3869 1038 3941 eligendis
1054 3873 1247 3944 magistratibus
1259 3874 1305 3926 ha·

232 3949 540 4019 primitiisreferts,qute
552 3947 642 4000 Cereri
651 3949 746 4002 etBao·
789 3948 884 4003 bends.
908 3951 992 4018 Nam,
1011 3965 1040 4004 ut
1062 3971 1143 4024 supra
1167 3951 1304 4018 vidimus,

232 4027 283 4078 cho
297 4029 465 4083 offerebatur.
478 4027 547 4082 Hinc
560 4029 681 4100 usurpari
698 4047 747 4082 ooe·
790 4031 845 4100 ejus
866 4031 964 4102 college
984 4032 1072 4104 Scipio
1095 4045 1216 4088 mortuus
1238 4045 1304 4086 erat.
