2938 4654
567 461 857 531 susurrus.
1166 463 1239 564 307

179 611 288 682 metu,
310 619 350 665 ac
374 607 484 664 tamen
508 594 640 664 uirtutis
661 619 840 682 memores,
863 609 922 664 aut
940 618 1032 666 sunna
1050 597 1242 692 cupiebant,

179 717 237 772 aut
256 703 421 797 capientes
440 697 520 771 aiios
547 701 589 770 ab
611 701 759 772 hostibus
779 701 1017 778 defensabant:
1042 727 1118 798 pers
1139 728 1241 800 equos

178 808 373 894 ascendere,
391 807 522 881 obviarn
544 809 591 878 ire
609 807 782 882 hostibus:
802 833 914 903 pugna
932 807 1104 884 latrocinio
1122 815 1242 908 magis,

178 941 278 1010 quom
308 913 423 1010 prreiio
444 913 556 984 similis
573 913 680 984 ¹fieri:
708 917 777 984 sine
806 915 924 1008 signis,
954 918 1023 986 sine
1051 917 1242 1010 ordinibus,

179 1024 322 1116 equites,
336 1021 462 1116 pedites
479 1021 649 1116 permixti3
670 1021 795 1093 cudere
812 1020 909 1109 aiios,
923 1021 1004 1094 ulios
1026 1023 1241 1115 obtruncare

177 1127 320 1214 multos,
338 1143 453 1198 contra
474 1127 632 1198 advorsos
665 1151 835 1200 acerrume
855 1143 1061 1226 pugnantes,
1085 1131 1127 1200 ab
1146 1147 1241 1228 tergo

178 1237 443 1308 circumvenire:
467 1259 573 1328 neque
603 1236 732 1323 virtus,
756 1260 863 1330 neque
885 1259 977 1306 arma
1004 1238 1081 1306 sutis
1108 1252 1241 1333 tegere3

177 1341 267 1437 quod
288 1341 398 1411 hostes
419 1365 558 1412 nurnero
578 1339 689 1436 plures
706 1356 739 1414 et
757 1341 901 1436 undique
922 1341 1122 1414 circumfusi.
1139 1347 1241 1414 Deni-

176 1473 241 1542 que
258 1449 400 1518 Rornani
423 1463 549 1520 veteres
571 1433 745 1543 novique⁶,
766 1463 799 1518 et
820 1449 864 1517 ob
883 1473 921 1517 ca
938 1451 1076 1520 scientes
1097 1449 1193 1534 beili,
1214 1453 1242 1524 si

176 1580 259 1648 quos
273 1555 381 1640 iocus,
393 1570 450 1624 aut
465 1579 559 1624 casus
574 1555 807 1648 oonjunxerut,
822 1555 919 1624 orbes
936 1555 1044 1626 secere
1058 1581 1066 1622 ε
1080 1571 1179 1652 atque
1195 1559 1241 1630 its

174 1661 217 1730 ab
235 1662 388 1732 omnibus
406 1661 553 1756 partibus
573 1660 671 1732 simul
690 1663 766 1732 tecti
784 1675 817 1732 et
833 1664 985 1733 instructi
1006 1662 1151 1736 hostium
1173 1667 1238 1734 vim

175 1769 411 1838 sustentabunt.

227 1876 385 1944 XCVIII.
409 1875 525 1966 Neque
539 1875 573 1942 in
593 1899 634 1942 eo
647 1888 715 1942 tom
728 1897 845 1968 aspero
864 1877 997 1969 negotio
1013 1877 1148 1944 territus
1162 1879 1239 1946 Mo·

172 1983 260 2070 rius,
281 1995 338 2050 aut
363 1982 487 2075 magis,
511 2003 610 2074 quarn
632 1995 749 2070 antea,
770 1979 912 2049 demisso
939 1983 1049 2049 animo
1075 1982 1158 2051 fuit:
1182 1983 1239 2053 sed

171 2112 249 2158 cum
268 2101 378 2156 tunna
398 2084 602 2181 sua¹,qua1n
620 2111 661 2155 en
680 2085 876 2156 fortissumis
892 2089 1012 2180 magis,
1026 2113 1126 2181 quam
1143 2089 1238 2161 fami-

169 2290 298 2343 omuibus
323 2288 444 2360 partibus
471 2288 619 2340 incurrunt.
641 2318 683 2330 -
726 2285 798 2350 rire,
814 2297 844 2338 ut
859 2297 938 2362 ceput
955 2285 1065 2340 recides.
1082 2287 1178 2343 Varios
1194 2290 1237 2342 in·

170 2373 320 2424 latrocinio.
330 2369 477 2422 Latronum
490 2367 681 2438 congressioni,
726 2365 875 2420 reficiendi
912 2364 1006 2419 modos
1036 2369 1162 2439 congerit.
1195 2399 1235 2413 -

169 2467 231 2522 qun
242 2449 361 2502 Iitnuiio
376 2465 562 2519 more,ueque
577 2445 680 2500 ordine.
726 2446 819 2498 Contra
841 2446 990 2500 adornes...
1014 2447 1045 2498 ab
1066 2459 1141 2518 tergo.
1165 2449 1236 2507 Noto

170 2561 212 2574 -
221 2529 280 2584 Sine
295 2533 382 2599 supro,
393 2533 443 2580 sine
453 2527 584 2579 ords'nr'bus.
598 2525 681 2579 idodo
724 2526 929 2598 oppositionem.
939 2528 1009 2580 Dum
1020 2527 1133 2581 Romani
1141 2541 1235 2582 eontra

168 2608 286 2663 vidimus
309 2601 453 2663 exercitum
475 2625 615 2660 romonum
638 2607 680 2658 in·
724 2607 834 2658 adversos
858 2608 945 2659 hostes
968 2604 1108 2678 pugnent,
1133 2626 1178 2664 eos
1202 2611 1234 2662 ab

167 2691 237 2744 mni
254 2709 309 2742 non
321 2689 445 2761 potuisse.
465 2688 523 2740 Hoc
543 2705 606 2758 ergo
624 2705 680 2740 non
724 2697 792 2756 tergo
823 2685 1036 2742 circumveniunt
1059 2687 1147 2742 hostes
1178 2689 1232 2750 elii.

168 2771 257 2823 solum
273 2769 307 2822 sd
319 2766 518 2834 harbsromed
535 2767 568 2820 sd
581 2767 679 2818 Romu·
722 2765 793 2818 Msle
811 2780 873 2837 ergo
898 2767 956 2837 Bip.
976 2765 1072 2820 recidit
1097 2769 1230 2832 advorsos,

167 2868 219 2903 uos
234 2850 314 2916 etism
326 2847 494 2902 referendum
510 2859 556 2900 est.
572 2846 679 2918 Quippe
722 2845 795 2916 quod
806 2860 845 2900 est
855 2847 883 2898 in
897 2846 1021 2899 munibus
1035 2849 1132 2902 nostris
1144 2847 1231 2917 MSS„

167 2941 196 2983 et
210 2930 263 3002 ipsi
283 2947 370 3000 neque
388 2930 436 2982 suh
457 2928 537 2999 signis
559 2927 678 2996 stabant,
722 2937 814 2998 etque
830 2927 933 2980 subluto
945 2929 1015 2998 perit
1028 2929 1164 2982 sententia.

166 3029 256 3082 neque
271 3009 378 3063 ordines
389 3010 536 3062 sonabant.
549 3037 589 3049 -
601 3007 680 3079 Equi-
763 3011 790 3061 6.
813 3009 911 3059 Veteres
930 3011 1036 3080 narique.
1055 3009 1141 3062 Vetus
1156 3009 1231 3066 miles

167 3103 217 3152 tes,
227 3091 320 3160 pedites
328 3093 449 3160 pemicts'.
461 3089 551 3154 Quum
560 3086 678 3138 horribi·
721 3105 781 3138 cum
794 3107 865 3140 novo
880 3091 1043 3157 conjunctus.
1056 3118 1093 3131 -
1106 3090 1145 3142 Et
1158 3089 1189 3141 ob
1201 3111 1230 3144 es

165 3169 220 3224 tem
231 3169 457 3224 rerum-omnium
472 3167 677 3240 permixtionem
719 3170 817 3218 scientes
833 3167 896 3219 belli.
920 3167 986 3232 Qum
1005 3177 1125 3222 ueterum
1145 3181 1230 3223 novo·

166 3247 316 3314 describat,
330 3267 362 3302 eo
377 3247 496 3301 adducor
509 3259 540 3312 ut
553 3244 677 3311 offlam,
719 3263 832 3318 rumque
854 3247 1006 3317 conjunctio
1027 3248 1107 3299 etism
1128 3249 1228 3303 tironos

164 3327 218 3382 hoc
229 3347 338 3401 qnoque
351 3327 385 3380 de
401 3327 534 3398 utrisque,
549 3326 676 3378 Romanis
718 3325 782 3377 beili
797 3326 932 3378 scientium
949 3323 1102 3379 addocelsst.
1119 3359 1158 3372 --
1176 3329 1227 3382 Or·

166 3409 337 3473 ethostibus,
346 3407 413 3474 dici,
422 3419 452 3459 ut
464 3407 675 3480 saputem,
719 3404 758 3456 bes
758 3407 849 3473 facere.
856 3407 888 3456 ln
894 3405 971 3456 orbes
978 3405 1014 3456 its
1020 3406 1227 3477 conglobentur,

167 3487 372 3558 tela,squt'.or'ri,
384 3489 544 3548 Iostes,cives
553 3489 674 3556 permisti.
719 3495 749 3536 ut
767 3503 781 3536 a
803 3497 876 3555 tergo
897 3483 956 3534 tuti*
968 3481 1087 3556 undique
1110 3485 1226 3540 frontem

165 3563 309 3619 Sciendum
326 3580 427 3630 temen,
440 3565 675 3637 essequi,suhistu
719 3563 839 3617 hostibus
853 3563 1012 3628 obtentam
1029 3563 1102 3634 quod
1119 3561 1153 3617 ed
1171 3577 1225 3618 ter·

165 3645 330 3710 ᾰῡῐίηιιὼπι,
346 3647 477 3708 scribam
492 3645 674 3718 equites,pedr‘-
717 3643 782 3695 tium
812 3643 936 3694 testudinis
957 3643 1070 3714 speciem
1094 3644 1224 3710 resenas,

167 3738 200 3777 tes
216 3731 333 3798 pemirts'
358 3728 466 3786 cedere,
480 3738 552 3792 etc.;
579 3725 675 3796 quibus
717 3741 798 3793 quam
810 3721 996 3794 descripsimus
1010 3741 1067 3795 sup.
1082 3723 1182 3778 XCIV.
1213 3749 1217 3756 ·

165 3823 221 3858 non
236 3807 373 3859 assentior.
389 3837 430 3850 —-
450 3805 558 3867 Coeders,
579 3804 675 3863 obtruso
758 3803 831 3856 Cur.
852 3802 1002 3856 XCVIII.
1023 3803 1126 3856 1.Cton
1146 3815 1224 3860 tum

165 3905 227 3938 cars.
246 3885 287 3939 Sc.
308 3887 414 3939 borboni
433 3884 538 3938 credunt
558 3895 603 3937 sut
625 3884 674 3936 ob·
716 3901 769 3934 sua.
784 3883 852 3936 Cum
863 3882 996 3953 equitibus
1008 3901 1074 3954 quos
1084 3883 1185 3938 drcum
1195 3901 1224 3936 se

164 3977 290 4020 meant
304 3967 445 4019 Romanos.
458 3965 556 4018 Coedere
566 3975 605 4018 est
619 3964 673 4016 soie
716 3961 814 4016 habere
829 3963 948 4022 solebat,
966 3964 1051 4034 etqui
1070 3961 1132 4016 duci
1148 3975 1223 4016 erum

163 4045 314 4114 gladiorum
337 4046 447 4099 vulnero
468 4045 571 4110 Iacere,
594 4047 673 4096 coesr'm
716 4044 790 4113 qussi
800 4042 895 4096 cohors
906 4043 1086 4113 preterin—
1099 4043 1179 4113 (ὶααιη
1193 4061 1223 4096 se

165 4125 254 4180 tertre.
270 4125 573 4196 Obtnotcars,·proprie‚
587 4123 673 4178 itate·
710 4123 866 4188 fortissumis.
890 4121 949 4174 Hoc
973 4118 1073 4174 dictum
1094 4123 1122 4177 in
1143 4121 1224 4184 ttssii

881 4263 883 4270 ’
968 4235 1038 4308 20²
