<?xml version="1.0" encoding="UTF-8"?>
<!DOCTYPE html PUBLIC "-//W3C//DTD XHTML 1.0 Transitional//EN"
    "http://www.w3.org/TR/xhtml1/DTD/xhtml1-transitional.dtd">
<html xmlns="http://www.w3.org/1999/xhtml" xml:lang="en" lang="en">
 <head>
  <title>
</title>
<meta http-equiv="Content-Type" content="text/html;charset=utf-8" />
  <meta name='ocr-system' content='tesseract 3.04.00' />
  <meta name='ocr-capabilities' content='ocr_page ocr_carea ocr_par ocr_line ocrx_word'/>
</head>
<body>
  <div class='ocr_page' id='page_1' title='image "./caiuscrispussal01sallgoog_0339.png"; bbox 0 0 2938 4654; ppageno 0'>
   <div class='ocr_carea' id='block_1_1' title="bbox 540 369 1208 468">
    <p class='ocr_par' dir='ltr' id='par_1_1' title="bbox 540 369 1208 468">
     <span class='ocr_line' id='line_1_1' title="bbox 540 369 1208 468; baseline 0.007 -30"><span class='ocrx_word' id='word_1_1' title='bbox 540 369 830 440; x_wconf 73' lang='lat' dir='ltr'><strong>susurrus.</strong></span> <span class='ocrx_word' id='word_1_2' title='bbox 1140 391 1208 468; x_wconf 62' lang='grc' dir='ltr'><strong>η,</strong></span> 
     </span>
    </p>
   </div>
   <div class='ocr_carea' id='block_1_2' title="bbox 142 499 1310 2084">
    <p class='ocr_par' dir='ltr' id='par_1_2' title="bbox 142 499 1310 2084">
     <span class='ocr_line' id='line_1_2' title="bbox 157 499 1215 597; baseline 0.002 -27"><span class='ocrx_word' id='word_1_3' title='bbox 157 502 311 596; x_wconf 84' lang='lat' dir='ltr'><strong>petitum:</strong></span> <span class='ocrx_word' id='word_1_4' title='bbox 324 523 424 594; x_wconf 87' lang='lat' dir='ltr'><strong>quam</strong></span> <span class='ocrx_word' id='word_1_5' title='bbox 436 524 524 588; x_wconf 88' lang='lat' dir='ltr'><strong>rem,</strong></span> <span class='ocrx_word' id='word_1_6' title='bbox 536 504 849 595; x_wconf 81' lang='lat' dir='ltr'><strong>opportunissimam</strong></span> <span class='ocrx_word' id='word_1_7' title='bbox 857 501 989 595; x_wconf 84' lang='lat' dir='ltr'><strong>incepto</strong></span> <span class='ocrx_word' id='word_1_8' title='bbox 1003 499 1106 588; x_wconf 85' lang='lat' dir='ltr'><strong>bello,</strong></span> <span class='ocrx_word' id='word_1_9' title='bbox 1118 506 1215 597; x_wconf 89' lang='lat' dir='ltr'><strong>pauci</strong></span> 
     </span>
     <span class='ocr_line' id='line_1_3' title="bbox 157 607 1216 703; baseline 0.003 -28"><span class='ocrx_word' id='word_1_10' title='bbox 157 607 412 702; x_wconf 84' lang='lat' dir='ltr'><strong>impediverant,</strong></span> <span class='ocrx_word' id='word_1_11' title='bbox 438 610 514 676; x_wconf 88' lang='lat' dir='ltr'><strong>caeci</strong></span> <span class='ocrx_word' id='word_1_12' title='bbox 540 609 698 695; x_wconf 83' lang='lat' dir='ltr'><strong>avaritia,</strong></span> <span class='ocrx_word' id='word_1_13' title='bbox 720 610 793 702; x_wconf 92' lang='lat' dir='ltr'><strong>quis</strong></span> <span class='ocrx_word' id='word_1_14' title='bbox 818 609 928 677; x_wconf 87' lang='lat' dir='ltr'><strong>omnia</strong></span> <span class='ocrx_word' id='word_1_15' title='bbox 952 607 1091 678; x_wconf 87' lang='lat' dir='ltr'><strong>honesta</strong></span> <span class='ocrx_word' id='word_1_16' title='bbox 1118 623 1216 703; x_wconf 88' lang='lat' dir='ltr'><strong>atque</strong></span> 
     </span>
     <span class='ocr_line' id='line_1_4' title="bbox 142 711 1218 810; baseline 0.003 -29"><span class='ocrx_word' id='word_1_17' title='bbox 142 711 350 782; x_wconf 76' lang='lat' dir='ltr'><strong>inhonesta²</strong></span> <span class='ocrx_word' id='word_1_18' title='bbox 369 712 512 782; x_wconf 87' lang='lat' dir='ltr'><strong>vendere</strong></span> <span class='ocrx_word' id='word_1_19' title='bbox 535 739 607 783; x_wconf 90' lang='lat' dir='ltr'><strong>mos</strong></span> <span class='ocrx_word' id='word_1_20' title='bbox 623 730 702 784; x_wconf 91' lang='lat' dir='ltr'><strong>erat.</strong></span> <span class='ocrx_word' id='word_1_21' title='bbox 719 717 827 782; x_wconf 90' lang='lat' dir='ltr'><strong>Etiam</strong></span> <span class='ocrx_word' id='word_1_22' title='bbox 847 729 942 782; x_wconf 90' lang='lat' dir='ltr'><strong>antea</strong></span> <span class='ocrx_word' id='word_1_23' title='bbox 961 715 1132 810; x_wconf 77' lang='lat' dir='ltr'><strong>Jugurthae</strong></span> <span class='ocrx_word' id='word_1_24' title='bbox 1150 714 1218 784; x_wconf 89' lang='lat' dir='ltr'><strong>filia</strong></span> 
     </span>
     <span class='ocr_line' id='line_1_5' title="bbox 159 805 1218 916; baseline 0.004 -29"><span class='ocrx_word' id='word_1_25' title='bbox 159 820 281 888; x_wconf 90' lang='lat' dir='ltr'><strong>Bocchi</strong></span> <span class='ocrx_word' id='word_1_26' title='bbox 303 805 621 914; x_wconf 79' lang='lat' dir='ltr'><strong>nupserat³.Verum</strong></span> <span class='ocrx_word' id='word_1_27' title='bbox 647 845 686 888; x_wconf 83' lang='lat' dir='ltr'><strong>ea</strong></span> <span class='ocrx_word' id='word_1_28' title='bbox 712 820 919 890; x_wconf 85' lang='lat' dir='ltr'><strong>necessitudo</strong></span> <span class='ocrx_word' id='word_1_29' title='bbox 945 821 1032 916; x_wconf 92' lang='lat' dir='ltr'><strong>apud</strong></span> <span class='ocrx_word' id='word_1_30' title='bbox 1056 821 1218 892; x_wconf 83' lang='lat' dir='ltr'><strong>Numidas</strong></span> 
     </span>
     <span class='ocr_line' id='line_1_6' title="bbox 160 925 1219 1022; baseline 0.004 -29"><span class='ocrx_word' id='word_1_31' title='bbox 160 927 360 1019; x_wconf 80' lang='lat' dir='ltr'><strong>Maurosque</strong></span> <span class='ocrx_word' id='word_1_32' title='bbox 382 925 463 995; x_wconf 89' lang='lat' dir='ltr'><strong>levis</strong></span> <span class='ocrx_word' id='word_1_33' title='bbox 485 925 632 1010; x_wconf 89' lang='lat' dir='ltr'><strong>ducitur;</strong></span> <span class='ocrx_word' id='word_1_34' title='bbox 654 927 742 1021; x_wconf 90' lang='lat' dir='ltr'><strong>quod</strong></span> <span class='ocrx_word' id='word_1_35' title='bbox 762 926 897 1022; x_wconf 85' lang='lat' dir='ltr'><strong>singuli,</strong></span> <span class='ocrx_word' id='word_1_36' title='bbox 918 952 980 1022; x_wconf 92' lang='lat' dir='ltr'><strong>pro</strong></span> <span class='ocrx_word' id='word_1_37' title='bbox 1001 928 1119 1022; x_wconf 89' lang='lat' dir='ltr'><strong>opibus</strong></span> <span class='ocrx_word' id='word_1_38' title='bbox 1136 931 1219 1020; x_wconf 90' lang='lat' dir='ltr'><strong>quis·</strong></span> 
     </span>
     <span class='ocr_line' id='line_1_7' title="bbox 160 1031 1219 1128; baseline 0.004 -29"><span class='ocrx_word' id='word_1_39' title='bbox 160 1057 239 1125; x_wconf 89' lang='lat' dir='ltr'><strong>que,</strong></span> <span class='ocrx_word' id='word_1_40' title='bbox 256 1031 527 1126; x_wconf 88' lang='lat' dir='ltr'><strong>quamplurimas</strong></span> <span class='ocrx_word' id='word_1_41' title='bbox 542 1058 677 1120; x_wconf 86' lang='lat' dir='ltr'><strong>uxores,</strong></span> <span class='ocrx_word' id='word_1_42' title='bbox 693 1033 793 1102; x_wconf 88' lang='lat' dir='ltr'><strong>denas</strong></span> <span class='ocrx_word' id='word_1_43' title='bbox 806 1033 874 1116; x_wconf 84' lang='lat' dir='ltr'><strong>alii,</strong></span> <span class='ocrx_word' id='word_1_44' title='bbox 889 1033 942 1102; x_wconf 91' lang='lat' dir='ltr'><strong>alii</strong></span> <span class='ocrx_word' id='word_1_45' title='bbox 955 1031 1065 1128; x_wconf 90' lang='lat' dir='ltr'><strong>plures</strong></span> <span class='ocrx_word' id='word_1_46' title='bbox 1079 1033 1219 1121; x_wconf 87' lang='lat' dir='ltr'><strong>habent,</strong></span> 
     </span>
     <span class='ocr_line' id='line_1_8' title="bbox 161 1129 1219 1232; baseline 0.002 -26"><span class='ocrx_word' id='word_1_47' title='bbox 161 1137 218 1205; x_wconf 87' lang='lat' dir='ltr'><strong>scd</strong></span> <span class='ocrx_word' id='word_1_48' title='bbox 231 1163 325 1232; x_wconf 82' lang='lat' dir='ltr'><strong>reges</strong></span> <span class='ocrx_word' id='word_1_49' title='bbox 339 1163 379 1206; x_wconf 86' lang='lat' dir='ltr'><strong>eo</strong></span> <span class='ocrx_word' id='word_1_50' title='bbox 394 1138 534 1232; x_wconf 89' lang='lat' dir='ltr'><strong>amplius</strong></span> <span class='ocrx_word' id='word_1_51' title='bbox 549 1164 556 1206; x_wconf 91' lang='lat'>:</span> <span class='ocrx_word' id='word_1_52' title='bbox 573 1141 618 1208; x_wconf 89' lang='lat' dir='ltr'><strong>ita</strong></span> <span class='ocrx_word' id='word_1_53' title='bbox 633 1141 760 1209; x_wconf 91' lang='lat' dir='ltr'><strong>animus</strong></span> <span class='ocrx_word' id='word_1_54' title='bbox 772 1138 981 1208; x_wconf 89' lang='lat' dir='ltr'><strong>multitudine</strong></span> <span class='ocrx_word' id='word_1_55' title='bbox 993 1129 1219 1228; x_wconf 78' lang='lat' dir='ltr'><strong>distrahitur⁴3</strong></span> 
     </span>
     <span class='ocr_line' id='line_1_9' title="bbox 161 1243 1068 1340; baseline 0.001 -28"><span class='ocrx_word' id='word_1_56' title='bbox 161 1243 249 1312; x_wconf 90' lang='lat' dir='ltr'><strong>nulla</strong></span> <span class='ocrx_word' id='word_1_57' title='bbox 266 1269 328 1338; x_wconf 91' lang='lat' dir='ltr'><strong>pro</strong></span> <span class='ocrx_word' id='word_1_58' title='bbox 350 1245 438 1313; x_wconf 90' lang='lat' dir='ltr'><strong>socia</strong></span> <span class='ocrx_word' id='word_1_59' title='bbox 458 1244 600 1334; x_wconf 80' lang='lat' dir='ltr'><strong>obtinet3</strong></span> <span class='ocrx_word' id='word_1_60' title='bbox 617 1248 739 1340; x_wconf 88' lang='lat' dir='ltr'><strong>pariter</strong></span> <span class='ocrx_word' id='word_1_61' title='bbox 753 1271 866 1316; x_wconf 89' lang='lat' dir='ltr'><strong>omnes</strong></span> <span class='ocrx_word' id='word_1_62' title='bbox 884 1245 964 1315; x_wconf 87' lang='lat' dir='ltr'><strong>viles</strong></span> <span class='ocrx_word' id='word_1_63' title='bbox 983 1260 1068 1314; x_wconf 87' lang='lat' dir='ltr'><strong>sunt.</strong></span> 
     </span>
     <span class='ocr_line' id='line_1_10' title="bbox 214 1351 1220 1447; baseline 0.003 -28"><span class='ocrx_word' id='word_1_64' title='bbox 214 1353 371 1419; x_wconf 85' lang='lat' dir='ltr'><strong>LXXXI.</strong></span> <span class='ocrx_word' id='word_1_65' title='bbox 395 1353 502 1444; x_wconf 85' lang='lat' dir='ltr'><strong>Igitur</strong></span> <span class='ocrx_word' id='word_1_66' title='bbox 522 1351 684 1422; x_wconf 88' lang='lat' dir='ltr'><strong>inlocum</strong></span> <span class='ocrx_word' id='word_1_67' title='bbox 703 1353 864 1422; x_wconf 90' lang='lat' dir='ltr'><strong>ambobus</strong></span> <span class='ocrx_word' id='word_1_68' title='bbox 885 1352 1041 1447; x_wconf 91' lang='lat' dir='ltr'><strong>placitum</strong></span> <span class='ocrx_word' id='word_1_69' title='bbox 1058 1353 1220 1422; x_wconf 83' lang='lat' dir='ltr'><strong>exercitus</strong></span> 
     </span>
     <span class='ocr_line' id='line_1_11' title="bbox 163 1456 1310 1553; baseline 0.003 -30"><span class='ocrx_word' id='word_1_70' title='bbox 163 1459 373 1526; x_wconf 80' lang='lat' dir='ltr'><strong>conveniunt</strong></span> <span class='ocrx_word' id='word_1_71' title='bbox 401 1457 468 1544; x_wconf 87' lang='lat' dir='ltr'><strong>Ibi,</strong></span> <span class='ocrx_word' id='word_1_72' title='bbox 487 1456 553 1526; x_wconf 86' lang='lat' dir='ltr'><strong>fide</strong></span> <span class='ocrx_word' id='word_1_73' title='bbox 576 1457 653 1527; x_wconf 88' lang='lat' dir='ltr'><strong>data</strong></span> <span class='ocrx_word' id='word_1_74' title='bbox 681 1474 714 1527; x_wconf 88' lang='lat' dir='ltr'><strong>et</strong></span> <span class='ocrx_word' id='word_1_75' title='bbox 739 1472 890 1553; x_wconf 84' lang='lat' dir='ltr'><strong>accepta,</strong></span> <span class='ocrx_word' id='word_1_76' title='bbox 908 1459 1072 1552; x_wconf 80' lang='lat' dir='ltr'><strong>Iugurtha</strong></span> <span class='ocrx_word' id='word_1_77' title='bbox 1097 1459 1222 1528; x_wconf 90' lang='lat' dir='ltr'><strong>Bocchi</strong></span> <span class='ocrx_word' id='word_1_78' title='bbox 1308 1501 1310 1508; x_wconf 46' lang='grc' dir='ltr'><strong>ι</strong></span> 
     </span>
     <span class='ocr_line' id='line_1_12' title="bbox 163 1563 1224 1658; baseline 0.003 -29"><span class='ocrx_word' id='word_1_79' title='bbox 163 1564 308 1630; x_wconf 88' lang='lat' dir='ltr'><strong>animum</strong></span> <span class='ocrx_word' id='word_1_80' title='bbox 330 1566 478 1634; x_wconf 88' lang='lat' dir='ltr'><strong>oratione</strong></span> <span class='ocrx_word' id='word_1_81' title='bbox 498 1563 649 1632; x_wconf 85' lang='lat' dir='ltr'><strong>accendit</strong></span> <span class='ocrx_word' id='word_1_82' title='bbox 668 1590 676 1631; x_wconf 94' lang='lat'><strong>:</strong></span> <span class='ocrx_word' id='word_1_83' title='bbox 695 1567 865 1634; x_wconf 81' lang='lat' dir='ltr'><strong>Romanos</strong></span> <span class='ocrx_word' id='word_1_84' title='bbox 885 1565 1043 1658; x_wconf 84' lang='lat' dir='ltr'><strong>injustos,</strong></span> <span class='ocrx_word' id='word_1_85' title='bbox 1058 1564 1224 1658; x_wconf 85' lang='lat' dir='ltr'><strong>profunda</strong></span> 
     </span>
     <span class='ocr_line' id='line_1_13' title="bbox 163 1668 1223 1756; baseline 0.004 -20"><span class='ocrx_word' id='word_1_86' title='bbox 163 1668 332 1756; x_wconf 83' lang='lat' dir='ltr'><strong>avaritia¹,</strong></span> <span class='ocrx_word' id='word_1_87' title='bbox 348 1694 540 1740; x_wconf 90' lang='lat' dir='ltr'><strong>communes</strong></span> <span class='ocrx_word' id='word_1_88' title='bbox 564 1672 712 1740; x_wconf 90' lang='lat' dir='ltr'><strong>omnium</strong></span> <span class='ocrx_word' id='word_1_89' title='bbox 731 1671 847 1740; x_wconf 88' lang='lat' dir='ltr'><strong>hostes</strong></span> <span class='ocrx_word' id='word_1_90' title='bbox 866 1695 958 1739; x_wconf 88' lang='lat' dir='ltr'><strong>esse:</strong></span> <span class='ocrx_word' id='word_1_91' title='bbox 979 1670 1130 1740; x_wconf 87' lang='lat' dir='ltr'><strong>camdem</strong></span> <span class='ocrx_word' id='word_1_92' title='bbox 1151 1670 1223 1740; x_wconf 92' lang='lat' dir='ltr'><strong>illos</strong></span> 
     </span>
     <span class='ocr_line' id='line_1_14' title="bbox 163 1775 1224 1870; baseline 0.005 -28"><span class='ocrx_word' id='word_1_93' title='bbox 163 1799 312 1845; x_wconf 85' lang='lat' dir='ltr'><strong>caussam</strong></span> <span class='ocrx_word' id='word_1_94' title='bbox 333 1775 505 1846; x_wconf 87' lang='lat' dir='ltr'><strong>bellicum</strong></span> <span class='ocrx_word' id='word_1_95' title='bbox 527 1776 659 1846; x_wconf 91' lang='lat' dir='ltr'><strong>Boccho</strong></span> <span class='ocrx_word' id='word_1_96' title='bbox 677 1775 816 1860; x_wconf 89' lang='lat' dir='ltr'><strong>habere,</strong></span> <span class='ocrx_word' id='word_1_97' title='bbox 839 1799 938 1870; x_wconf 91' lang='lat' dir='ltr'><strong>quam</strong></span> <span class='ocrx_word' id='word_1_98' title='bbox 961 1801 1073 1846; x_wconf 87' lang='lat' dir='ltr'><strong>secum</strong></span> <span class='ocrx_word' id='word_1_99' title='bbox 1096 1792 1224 1847; x_wconf 89' lang='lat' dir='ltr'><strong>etcum</strong></span> 
     </span>
     <span class='ocr_line' id='line_1_15' title="bbox 164 1880 1224 1978; baseline 0.002 -28"><span class='ocrx_word' id='word_1_100' title='bbox 164 1880 234 1950; x_wconf 89' lang='lat' dir='ltr'><strong>aliis</strong></span> <span class='ocrx_word' id='word_1_101' title='bbox 252 1881 420 1976; x_wconf 78' lang='lat' dir='ltr'><strong>gentibus,</strong></span> <span class='ocrx_word' id='word_1_102' title='bbox 440 1881 620 1952; x_wconf 87' lang='lat' dir='ltr'><strong>lubidinem</strong></span> <span class='ocrx_word' id='word_1_103' title='bbox 639 1883 866 1977; x_wconf 83' lang='lat' dir='ltr'><strong>imperitandi,</strong></span> <span class='ocrx_word' id='word_1_104' title='bbox 884 1881 977 1976; x_wconf 87' lang='lat' dir='ltr'><strong>quis²</strong></span> <span class='ocrx_word' id='word_1_105' title='bbox 994 1883 1106 1952; x_wconf 89' lang='lat' dir='ltr'><strong>omnia</strong></span> <span class='ocrx_word' id='word_1_106' title='bbox 1123 1907 1224 1978; x_wconf 83' lang='lat' dir='ltr'><strong>regna</strong></span> 
     </span>
     <span class='ocr_line' id='line_1_16' title="bbox 165 1987 1224 2084; baseline 0.007 -30"><span class='ocrx_word' id='word_1_107' title='bbox 165 1987 305 2058; x_wconf 85' lang='lat' dir='ltr'><strong>advorsa</strong></span> <span class='ocrx_word' id='word_1_108' title='bbox 319 1989 385 2057; x_wconf 88' lang='lat' dir='ltr'><strong>sint</strong></span> <span class='ocrx_word' id='word_1_109' title='bbox 399 2015 406 2056; x_wconf 90' lang='lat'>:</span> <span class='ocrx_word' id='word_1_110' title='bbox 423 2003 495 2058; x_wconf 88' lang='lat' dir='ltr'><strong>tum</strong></span> <span class='ocrx_word' id='word_1_111' title='bbox 509 2015 596 2076; x_wconf 84' lang='lat' dir='ltr'><strong>sese,</strong></span> <span class='ocrx_word' id='word_1_112' title='bbox 609 1988 721 2084; x_wconf 87' lang='lat' dir='ltr'><strong>paullo</strong></span> <span class='ocrx_word' id='word_1_113' title='bbox 738 2003 814 2057; x_wconf 90' lang='lat' dir='ltr'><strong>ante</strong></span> <span class='ocrx_word' id='word_1_114' title='bbox 832 1989 1224 2083; x_wconf 83' lang='lat' dir='ltr'><strong>Carthaginienses‚item</strong></span> 
     </span>
    </p>
   </div>
   <div class='ocr_carea' id='block_1_3' title="bbox 145 2197 1282 4100">
    <p class='ocr_par' dir='ltr' id='par_1_3' title="bbox 166 2197 1282 3146">
     <span class='ocr_line' id='line_1_17' title="bbox 208 2197 1227 2269; baseline 0.002 -21"><span class='ocrx_word' id='word_1_115' title='bbox 208 2217 235 2249; x_wconf 80' lang='lat' dir='ltr'><strong>a.</strong></span> <span class='ocrx_word' id='word_1_116' title='bbox 250 2197 312 2266; x_wconf 80' lang='lat' dir='ltr'><strong>Quis</strong></span> <span class='ocrx_word' id='word_1_117' title='bbox 333 2201 412 2249; x_wconf 82' lang='lat' dir='ltr'><strong>omnia</strong></span> <span class='ocrx_word' id='word_1_118' title='bbox 432 2198 528 2249; x_wconf 71' lang='lat' dir='ltr'><strong>demta</strong></span> <span class='ocrx_word' id='word_1_119' title='bbox 548 2209 619 2269; x_wconf 85' lang='lat' dir='ltr'><strong>utque</strong></span> <span class='ocrx_word' id='word_1_120' title='bbox 635 2200 673 2248; x_wconf 84' lang='lat' dir='ltr'><strong>iu·</strong></span> <span class='ocrx_word' id='word_1_121' title='bbox 717 2215 778 2267; x_wconf 74' lang='lat' dir='ltr'><strong>erga</strong></span> <span class='ocrx_word' id='word_1_122' title='bbox 796 2197 918 2268; x_wconf 79' lang='lat' dir='ltr'><strong>singulas.</strong></span> <span class='ocrx_word' id='word_1_123' title='bbox 940 2227 980 2238; x_wconf 87' lang='lat'><strong>--</strong></span> <span class='ocrx_word' id='word_1_124' title='bbox 1004 2197 1081 2251; x_wconf 83' lang='lat' dir='ltr'><strong>Nulla</strong></span> <span class='ocrx_word' id='word_1_125' title='bbox 1097 2217 1144 2267; x_wconf 87' lang='lat' dir='ltr'><strong>pro</strong></span> <span class='ocrx_word' id='word_1_126' title='bbox 1161 2202 1227 2250; x_wconf 67' lang='lat' dir='ltr'><strong>sacra</strong></span> 
     </span>
     <span class='ocr_line' id='line_1_18' title="bbox 167 2275 1226 2348; baseline 0.004 -22"><span class='ocrx_word' id='word_1_127' title='bbox 167 2278 277 2338; x_wconf 71' lang='lat' dir='ltr'><strong>lacaena,</strong></span> <span class='ocrx_word' id='word_1_128' title='bbox 291 2289 341 2330; x_wconf 89' lang='lat' dir='ltr'><strong>etc.</strong></span> <span class='ocrx_word' id='word_1_129' title='bbox 354 2275 429 2329; x_wconf 85' lang='lat' dir='ltr'><strong>Idem</strong></span> <span class='ocrx_word' id='word_1_130' title='bbox 444 2275 477 2329; x_wconf 85' lang='lat' dir='ltr'><strong>ad</strong></span> <span class='ocrx_word' id='word_1_131' title='bbox 489 2277 600 2329; x_wconf 85' lang='lat' dir='ltr'><strong>verbum</strong></span> <span class='ocrx_word' id='word_1_132' title='bbox 610 2277 674 2329; x_wconf 87' lang='lat' dir='ltr'><strong>scri·</strong></span> <span class='ocrx_word' id='word_1_133' title='bbox 717 2277 813 2328; x_wconf 83' lang='lat' dir='ltr'><strong>obtinet.</strong></span> <span class='ocrx_word' id='word_1_134' title='bbox 828 2277 909 2334; x_wconf 69' lang='lat' dir='ltr'><strong>Sociae</strong></span> <span class='ocrx_word' id='word_1_135' title='bbox 924 2275 1013 2328; x_wconf 89' lang='lat' dir='ltr'><strong>locum</strong></span> <span class='ocrx_word' id='word_1_136' title='bbox 1029 2288 1056 2329; x_wconf 92' lang='lat' dir='ltr'><strong>et</strong></span> <span class='ocrx_word' id='word_1_137' title='bbox 1072 2275 1226 2348; x_wconf 77' lang='lat' dir='ltr'><strong>dignitatem</strong></span> 
     </span>
     <span class='ocr_line' id='line_1_19' title="bbox 166 2354 1227 2428; baseline 0.002 -21"><span class='ocrx_word' id='word_1_138' title='bbox 166 2355 233 2426; x_wconf 81' lang='lat' dir='ltr'><strong>psit,</strong></span> <span class='ocrx_word' id='word_1_139' title='bbox 243 2357 301 2411; x_wconf 84' lang='lat' dir='ltr'><strong>Cat.</strong></span> <span class='ocrx_word' id='word_1_140' title='bbox 310 2355 402 2421; x_wconf 79' lang='lat' dir='ltr'><strong>XXX3</strong></span> <span class='ocrx_word' id='word_1_141' title='bbox 412 2354 472 2408; x_wconf 89' lang='lat' dir='ltr'><strong>ideo</strong></span> <span class='ocrx_word' id='word_1_142' title='bbox 478 2357 532 2408; x_wconf 86' lang='lat' dir='ltr'><strong>buc</strong></span> <span class='ocrx_word' id='word_1_143' title='bbox 542 2356 675 2409; x_wconf 78' lang='lat' dir='ltr'><strong>intrusum</strong></span> <span class='ocrx_word' id='word_1_144' title='bbox 718 2356 789 2408; x_wconf 86' lang='lat' dir='ltr'><strong>nulla</strong></span> <span class='ocrx_word' id='word_1_145' title='bbox 803 2368 882 2408; x_wconf 88' lang='lat' dir='ltr'><strong>tenet.</strong></span> <span class='ocrx_word' id='word_1_146' title='bbox 892 2356 962 2407; x_wconf 87' lang='lat' dir='ltr'><strong>Male</strong></span> <span class='ocrx_word' id='word_1_147' title='bbox 974 2356 1055 2427; x_wconf 87' lang='lat' dir='ltr'><strong>aliqui</strong></span> <span class='ocrx_word' id='word_1_148' title='bbox 1066 2374 1072 2408; x_wconf 93' lang='lat'><strong>:</strong></span> <span class='ocrx_word' id='word_1_149' title='bbox 1083 2357 1172 2408; x_wconf 82' lang='lat' dir='ltr'><strong>nullam</strong></span> <span class='ocrx_word' id='word_1_150' title='bbox 1180 2377 1227 2428; x_wconf 86' lang='lat' dir='ltr'><strong>pro</strong></span> 
     </span>
     <span class='ocr_line' id='line_1_20' title="bbox 167 2435 1226 2507; baseline 0.002 -20"><span class='ocrx_word' id='word_1_151' title='bbox 167 2447 244 2507; x_wconf 86' lang='lat' dir='ltr'><strong>putat</strong></span> <span class='ocrx_word' id='word_1_152' title='bbox 261 2437 320 2507; x_wconf 82' lang='lat' dir='ltr'><strong>Bip.</strong></span> <span class='ocrx_word' id='word_1_153' title='bbox 341 2435 393 2489; x_wconf 86' lang='lat' dir='ltr'><strong>Sed</strong></span> <span class='ocrx_word' id='word_1_154' title='bbox 411 2454 493 2507; x_wconf 86' lang='lat' dir='ltr'><strong>quum</strong></span> <span class='ocrx_word' id='word_1_155' title='bbox 509 2455 563 2488; x_wconf 89' lang='lat' dir='ltr'><strong>uon</strong></span> <span class='ocrx_word' id='word_1_156' title='bbox 581 2435 675 2489; x_wconf 87' lang='lat' dir='ltr'><strong>eodem</strong></span> <span class='ocrx_word' id='word_1_157' title='bbox 718 2439 782 2487; x_wconf 82' lang='lat' dir='ltr'><strong>socia</strong></span> <span class='ocrx_word' id='word_1_158' title='bbox 797 2436 1046 2498; x_wconf 76' lang='lat' dir='ltr'><strong>obtr&#39;net5manifesto</strong></span> <span class='ocrx_word' id='word_1_159' title='bbox 1058 2436 1226 2489; x_wconf 82' lang='lat' dir='ltr'><strong>librariorum</strong></span> 
     </span>
     <span class='ocr_line' id='line_1_21' title="bbox 168 2515 1226 2588; baseline 0.003 -22"><span class='ocrx_word' id='word_1_160' title='bbox 168 2527 288 2586; x_wconf 87' lang='lat' dir='ltr'><strong>tempore</strong></span> <span class='ocrx_word' id='word_1_161' title='bbox 301 2516 442 2586; x_wconf 78' lang='lat' dir='ltr'><strong>conscripti</strong></span> <span class='ocrx_word' id='word_1_162' title='bbox 454 2516 553 2570; x_wconf 85' lang='lat' dir='ltr'><strong>fuerint</strong></span> <span class='ocrx_word' id='word_1_163' title='bbox 563 2515 676 2568; x_wconf 86' lang='lat' dir='ltr'><strong>Catilina</strong></span> <span class='ocrx_word' id='word_1_164' title='bbox 719 2534 808 2568; x_wconf 88' lang='lat' dir='ltr'><strong>errore</strong></span> <span class='ocrx_word' id='word_1_165' title='bbox 823 2534 878 2568; x_wconf 91' lang='lat' dir='ltr'><strong>non</strong></span> <span class='ocrx_word' id='word_1_166' title='bbox 893 2515 1096 2586; x_wconf 76' lang='lat' dir='ltr'><strong>intelligentium</strong></span> <span class='ocrx_word' id='word_1_167' title='bbox 1112 2517 1226 2588; x_wconf 87' lang='lat' dir='ltr'><strong>elliptice</strong></span> 
     </span>
     <span class='ocr_line' id='line_1_22' title="bbox 169 2593 1226 2666; baseline 0.002 -19"><span class='ocrx_word' id='word_1_168' title='bbox 169 2607 196 2647; x_wconf 89' lang='lat' dir='ltr'><strong>et</strong></span> <span class='ocrx_word' id='word_1_169' title='bbox 217 2595 373 2666; x_wconf 73' lang='lat' dir='ltr'><strong>Iugurtha,</strong></span> <span class='ocrx_word' id='word_1_170' title='bbox 394 2607 482 2666; x_wconf 88' lang='lat' dir='ltr'><strong>potest</strong></span> <span class='ocrx_word' id='word_1_171' title='bbox 503 2596 602 2648; x_wconf 85' lang='lat' dir='ltr'><strong>auctori</strong></span> <span class='ocrx_word' id='word_1_172' title='bbox 625 2595 677 2648; x_wconf 88' lang='lat' dir='ltr'><strong>boc</strong></span> <span class='ocrx_word' id='word_1_173' title='bbox 719 2593 774 2647; x_wconf 86' lang='lat' dir='ltr'><strong>dici</strong></span> <span class='ocrx_word' id='word_1_174' title='bbox 788 2595 891 2656; x_wconf 73' lang='lat' dir='ltr'><strong>obtinet,</strong></span> <span class='ocrx_word' id='word_1_175' title='bbox 912 2607 943 2647; x_wconf 85' lang='lat' dir='ltr'><strong>ut</strong></span> <span class='ocrx_word' id='word_1_176' title='bbox 957 2594 1068 2665; x_wconf 86' lang='lat' dir='ltr'><strong>Epistol.</strong></span> <span class='ocrx_word' id='word_1_177' title='bbox 1082 2593 1116 2649; x_wconf 87' lang='lat' dir='ltr'><strong>ad</strong></span> <span class='ocrx_word' id='word_1_178' title='bbox 1131 2595 1226 2649; x_wconf 73' lang='lat' dir='ltr'><strong>Cesar.</strong></span> 
     </span>
     <span class='ocr_line' id='line_1_23' title="bbox 169 2673 1228 2746; baseline 0.001 -18"><span class='ocrx_word' id='word_1_179' title='bbox 169 2673 303 2728; x_wconf 76' lang='lat' dir='ltr'><strong>excidisse.</strong></span> <span class='ocrx_word' id='word_1_180' title='bbox 320 2676 380 2728; x_wconf 86' lang='lat' dir='ltr'><strong>Jam</strong></span> <span class='ocrx_word' id='word_1_181' title='bbox 396 2694 476 2740; x_wconf 85' lang='lat' dir='ltr'><strong>vero,</strong></span> <span class='ocrx_word' id='word_1_182' title='bbox 496 2693 580 2746; x_wconf 89' lang='lat' dir='ltr'><strong>quum</strong></span> <span class='ocrx_word' id='word_1_183' title='bbox 597 2675 631 2727; x_wconf 86' lang='lat' dir='ltr'><strong>eit</strong></span> <span class='ocrx_word' id='word_1_184' title='bbox 648 2673 677 2726; x_wconf 90' lang='lat' dir='ltr'><strong>in</strong></span> <span class='ocrx_word' id='word_1_185' title='bbox 720 2675 813 2727; x_wconf 82' lang='lat' dir='ltr'><strong>initio:</strong></span> <span class='ocrx_word' id='word_1_186' title='bbox 829 2675 880 2727; x_wconf 85' lang='lat' dir='ltr'><strong>Pro</strong></span> <span class='ocrx_word' id='word_1_187' title='bbox 892 2694 950 2726; x_wconf 81' lang='lat' dir='ltr'><strong>uera</strong></span> <span class='ocrx_word' id='word_1_188' title='bbox 965 2687 1037 2726; x_wconf 83' lang='lat' dir='ltr'><strong>antea</strong></span> <span class='ocrx_word' id='word_1_189' title='bbox 1051 2673 1172 2728; x_wconf 78' lang='lat' dir='ltr'><strong>obtinebat</strong></span> <span class='ocrx_word' id='word_1_190' title='bbox 1180 2697 1190 2738; x_wconf 85' lang='lat'><strong>,·</strong></span> <span class='ocrx_word' id='word_1_191' title='bbox 1202 2689 1228 2729; x_wconf 88' lang='lat' dir='ltr'><strong>et</strong></span> 
     </span>
     <span class='ocr_line' id='line_1_24' title="bbox 170 2753 1038 2826; baseline -0.001 -18"><span class='ocrx_word' id='word_1_192' title='bbox 170 2755 294 2808; x_wconf 84' lang='lat' dir='ltr'><strong>omuibus</strong></span> <span class='ocrx_word' id='word_1_193' title='bbox 309 2753 398 2820; x_wconf 66' lang='lat' dir='ltr'><strong>MSS„</strong></span> <span class='ocrx_word' id='word_1_194' title='bbox 415 2753 498 2807; x_wconf 84' lang='lat' dir='ltr'><strong>deleri</strong></span> <span class='ocrx_word' id='word_1_195' title='bbox 513 2773 567 2806; x_wconf 92' lang='lat' dir='ltr'><strong>non</strong></span> <span class='ocrx_word' id='word_1_196' title='bbox 581 2765 676 2826; x_wconf 88' lang='lat' dir='ltr'><strong>potest.</strong></span> <span class='ocrx_word' id='word_1_197' title='bbox 720 2754 778 2806; x_wconf 80' lang='lat' dir='ltr'><strong>Liv.</strong></span> <span class='ocrx_word' id='word_1_198' title='bbox 791 2771 817 2818; x_wconf 90' lang='grc' dir='ltr'><strong>ι,</strong></span> <span class='ocrx_word' id='word_1_199' title='bbox 835 2761 851 2818; x_wconf 69' lang='lat'><em>4</em></span> <span class='ocrx_word' id='word_1_200' title='bbox 866 2773 872 2806; x_wconf 92' lang='lat'>:</span> <span class='ocrx_word' id='word_1_201' title='bbox 882 2756 953 2821; x_wconf 85' lang='lat' dir='ltr'><strong>sama</strong></span> <span class='ocrx_word' id='word_1_202' title='bbox 968 2765 1038 2807; x_wconf 84' lang='lat' dir='ltr'><strong>tenet.</strong></span> 
     </span>
     <span class='ocr_line' id='line_1_25' title="bbox 170 2834 1282 2905; baseline 0 -18"><span class='ocrx_word' id='word_1_203' title='bbox 170 2834 281 2905; x_wconf 67' lang='lat' dir='ltr'><strong>legitur</strong></span> <span class='ocrx_word' id='word_1_204' title='bbox 289 2835 368 2887; x_wconf 84' lang='lat' dir='ltr'><strong>etiam</strong></span> <span class='ocrx_word' id='word_1_205' title='bbox 378 2853 436 2905; x_wconf 88' lang='lat' dir='ltr'><strong>sup.</strong></span> <span class='ocrx_word' id='word_1_206' title='bbox 445 2835 553 2888; x_wconf 87' lang='lat' dir='ltr'><strong>XXXI:</strong></span> <span class='ocrx_word' id='word_1_207' title='bbox 565 2835 678 2899; x_wconf 74' lang='lat' dir='ltr'><strong>uQuis...</strong></span> <span class='ocrx_word' id='word_1_208' title='bbox 762 2834 828 2887; x_wconf 75' lang='lat' dir='ltr'><strong>Cre.</strong></span> <span class='ocrx_word' id='word_1_209' title='bbox 846 2835 970 2886; x_wconf 84' lang='lat' dir='ltr'><strong>LXXXI.</strong></span> <span class='ocrx_word' id='word_1_210' title='bbox 990 2851 1014 2887; x_wconf 89' lang='lat'><strong>1.</strong></span> <span class='ocrx_word' id='word_1_211' title='bbox 1031 2835 1157 2901; x_wconf 72' lang='lat' dir='ltr'><strong>Profunda</strong></span> <span class='ocrx_word' id='word_1_212' title='bbox 1171 2855 1229 2887; x_wconf 80' lang='lat' dir='ltr'><strong>ava·</strong></span> <span class='ocrx_word' id='word_1_213' title='bbox 1278 2849 1282 2856; x_wconf 93' lang='grc'><em>·</em></span> 
     </span>
     <span class='ocr_line' id='line_1_26' title="bbox 171 2913 1229 2985; baseline 0.002 -19"><span class='ocrx_word' id='word_1_214' title='bbox 171 2913 680 2985; x_wconf 80' lang='lat' dir='ltr'><strong>honestaatqueinbonestaomniaquee·</strong></span> <span class='ocrx_word' id='word_1_215' title='bbox 722 2916 787 2966; x_wconf 68' lang='lat' dir='ltr'><strong>atria.</strong></span> <span class='ocrx_word' id='word_1_216' title='bbox 802 2913 951 2966; x_wconf 85' lang='lat' dir='ltr'><strong>Translatio</strong></span> <span class='ocrx_word' id='word_1_217' title='bbox 970 2933 985 2966; x_wconf 85' lang='lat' dir='ltr'><strong>a</strong></span> <span class='ocrx_word' id='word_1_218' title='bbox 1005 2915 1108 2985; x_wconf 75' lang='lat' dir='ltr'><strong>gurgite</strong></span> <span class='ocrx_word' id='word_1_219' title='bbox 1124 2915 1152 2968; x_wconf 91' lang='lat' dir='ltr'><strong>iu</strong></span> <span class='ocrx_word' id='word_1_220' title='bbox 1171 2928 1229 2968; x_wconf 90' lang='lat' dir='ltr'><strong>tan·</strong></span> 
     </span>
     <span class='ocr_line' id='line_1_27' title="bbox 173 2991 1229 3066; baseline 0.001 -20"><span class='ocrx_word' id='word_1_221' title='bbox 173 2995 225 3046; x_wconf 80' lang='lat' dir='ltr'><strong>atui</strong></span> <span class='ocrx_word' id='word_1_222' title='bbox 243 3007 314 3048; x_wconf 86' lang='lat' dir='ltr'><strong>sunt.</strong></span> <span class='ocrx_word' id='word_1_223' title='bbox 326 3020 337 3040; x_wconf 75' lang='grc' dir='ltr'><strong>ι</strong></span> <span class='ocrx_word' id='word_1_224' title='bbox 353 2992 405 3046; x_wconf 86' lang='lat' dir='ltr'><strong>Sed</strong></span> <span class='ocrx_word' id='word_1_225' title='bbox 420 2995 477 3048; x_wconf 71' lang='lat' dir='ltr'><strong>haec</strong></span> <span class='ocrx_word' id='word_1_226' title='bbox 494 2993 564 3048; x_wconf 84' lang='lat' dir='ltr'><strong>dicta</strong></span> <span class='ocrx_word' id='word_1_227' title='bbox 582 3005 644 3046; x_wconf 88' lang='lat' dir='ltr'><strong>sunt</strong></span> <span class='ocrx_word' id='word_1_228' title='bbox 665 3011 680 3045; x_wconf 87' lang='lat' dir='ltr'><strong>e</strong></span> <span class='ocrx_word' id='word_1_229' title='bbox 721 3006 779 3046; x_wconf 90' lang='lat' dir='ltr'><strong>tum</strong></span> <span class='ocrx_word' id='word_1_230' title='bbox 789 2991 934 3046; x_wconf 85' lang='lat' dir='ltr'><strong>altitudinis</strong></span> <span class='ocrx_word' id='word_1_231' title='bbox 944 3007 1082 3056; x_wconf 83' lang='lat' dir='ltr'><strong>excavato,</strong></span> <span class='ocrx_word' id='word_1_232' title='bbox 1093 3006 1122 3046; x_wconf 91' lang='lat' dir='ltr'><strong>ut</strong></span> <span class='ocrx_word' id='word_1_233' title='bbox 1130 2995 1229 3066; x_wconf 81' lang='lat' dir='ltr'><strong>expleri</strong></span> 
     </span>
     <span class='ocr_line' id='line_1_28' title="bbox 173 3071 1231 3146; baseline 0.002 -20"><span class='ocrx_word' id='word_1_234' title='bbox 173 3075 307 3140; x_wconf 82' lang='lat' dir='ltr'><strong>Memmii,</strong></span> <span class='ocrx_word' id='word_1_235' title='bbox 320 3092 375 3126; x_wconf 87' lang='lat' dir='ltr'><strong>uon</strong></span> <span class='ocrx_word' id='word_1_236' title='bbox 386 3093 401 3126; x_wconf 88' lang='lat' dir='ltr'><strong>e</strong></span> <span class='ocrx_word' id='word_1_237' title='bbox 413 3071 527 3127; x_wconf 77' lang='lat' dir='ltr'><strong>Sallustii</strong></span> <span class='ocrx_word' id='word_1_238' title='bbox 539 3092 658 3145; x_wconf 86' lang='lat' dir='ltr'><strong>persona.</strong></span> <span class='ocrx_word' id='word_1_239' title='bbox 722 3085 844 3144; x_wconf 84' lang='lat' dir='ltr'><strong>nequeat.</strong></span> <span class='ocrx_word' id='word_1_240' title='bbox 860 3073 895 3125; x_wconf 88' lang='lat' dir='ltr'><strong>Et</strong></span> <span class='ocrx_word' id='word_1_241' title='bbox 910 3073 954 3126; x_wconf 88' lang='lat' dir='ltr'><strong>illa</strong></span> <span class='ocrx_word' id='word_1_242' title='bbox 967 3073 1076 3144; x_wconf 86' lang='lat' dir='ltr'><strong>quidem</strong></span> <span class='ocrx_word' id='word_1_243' title='bbox 1088 3074 1144 3146; x_wconf 81' lang='lat' dir='ltr'><strong>ipsa</strong></span> <span class='ocrx_word' id='word_1_244' title='bbox 1159 3093 1231 3128; x_wconf 90' lang='lat' dir='ltr'><strong>com·</strong></span> 
     </span>
    </p>

    <p class='ocr_par' dir='ltr' id='par_1_4' title="bbox 145 3152 1235 3941">
     <span class='ocr_line' id='line_1_29' title="bbox 215 3152 1230 3224; baseline 0.002 -18"><span class='ocrx_word' id='word_1_245' title='bbox 215 3155 242 3207; x_wconf 83' lang='lat'><strong>3.</strong></span> <span class='ocrx_word' id='word_1_246' title='bbox 258 3152 448 3223; x_wconf 68' lang='lat' dir='ltr'><strong>Jugamtafitta</strong></span> <span class='ocrx_word' id='word_1_247' title='bbox 461 3155 550 3206; x_wconf 74' lang='lat' dir='ltr'><strong>Bocchi</strong></span> <span class='ocrx_word' id='word_1_248' title='bbox 560 3165 679 3224; x_wconf 78' lang='lat' dir='ltr'><strong>nupserat.</strong></span> <span class='ocrx_word' id='word_1_249' title='bbox 723 3154 859 3224; x_wconf 84' lang='lat' dir='ltr'><strong>paratione</strong></span> <span class='ocrx_word' id='word_1_250' title='bbox 874 3153 958 3205; x_wconf 85' lang='lat' dir='ltr'><strong>utitur</strong></span> <span class='ocrx_word' id='word_1_251' title='bbox 971 3153 1030 3206; x_wconf 84' lang='lat' dir='ltr'><strong>Liv.</strong></span> <span class='ocrx_word' id='word_1_252' title='bbox 1044 3171 1123 3219; x_wconf 79' lang='grc' dir='ltr'><strong>ιιιι,</strong></span> <span class='ocrx_word' id='word_1_253' title='bbox 1138 3173 1182 3223; x_wconf 82' lang='lat'><strong>17,</strong></span> <span class='ocrx_word' id='word_1_254' title='bbox 1197 3153 1230 3208; x_wconf 88' lang='lat' dir='ltr'><strong>de</strong></span> 
     </span>
     <span class='ocr_line' id='line_1_30' title="bbox 175 3231 1231 3304; baseline 0.001 -18"><span class='ocrx_word' id='word_1_255' title='bbox 175 3233 270 3286; x_wconf 74' lang='lat' dir='ltr'><strong>Iluam</strong></span> <span class='ocrx_word' id='word_1_256' title='bbox 289 3251 409 3304; x_wconf 86' lang='lat' dir='ltr'><strong>quoque,</strong></span> <span class='ocrx_word' id='word_1_257' title='bbox 427 3251 479 3300; x_wconf 85' lang='grc' dir='ltr'><strong>ιιι,</strong></span> <span class='ocrx_word' id='word_1_258' title='bbox 499 3252 528 3300; x_wconf 92' lang='grc' dir='ltr'><strong>ι,</strong></span> <span class='ocrx_word' id='word_1_259' title='bbox 545 3234 681 3287; x_wconf 86' lang='lat' dir='ltr'><strong>Bocchum</strong></span> <span class='ocrx_word' id='word_1_260' title='bbox 724 3232 848 3284; x_wconf 87' lang='lat' dir='ltr'><strong>Pleminii</strong></span> <span class='ocrx_word' id='word_1_261' title='bbox 860 3231 964 3302; x_wconf 85' lang='lat' dir='ltr'><strong>injuriis</strong></span> <span class='ocrx_word' id='word_1_262' title='bbox 979 3232 1006 3285; x_wconf 90' lang='lat' dir='ltr'><strong>in</strong></span> <span class='ocrx_word' id='word_1_263' title='bbox 1018 3233 1231 3287; x_wconf 81' lang='lat' dir='ltr'><strong>Locrenses:·Si</strong></span> 
     </span>
     <span class='ocr_line' id='line_1_31' title="bbox 145 3309 1231 3383; baseline 0 -17"><span class='ocrx_word' id='word_1_264' title='bbox 145 3359 152 3382; x_wconf 73' lang='grc'><em>,</em></span> <span class='ocrx_word' id='word_1_265' title='bbox 173 3331 296 3367; x_wconf 76' lang='lat' dir='ltr'><strong>socerum</strong></span> <span class='ocrx_word' id='word_1_266' title='bbox 304 3313 536 3383; x_wconf 72' lang='lat' dir='ltr'><strong>Jugurtboevocat.</strong></span> <span class='ocrx_word' id='word_1_267' title='bbox 544 3315 612 3366; x_wconf 89' lang='lat' dir='ltr'><strong>Item</strong></span> <span class='ocrx_word' id='word_1_268' title='bbox 623 3313 683 3367; x_wconf 87' lang='lat' dir='ltr'><strong>Plu·</strong></span> <span class='ocrx_word' id='word_1_269' title='bbox 724 3314 807 3364; x_wconf 82' lang='lat' dir='ltr'><strong>scelus</strong></span> <span class='ocrx_word' id='word_1_270' title='bbox 832 3309 1024 3381; x_wconf 85' lang='lat' dir='ltr'><strong>libidinemque</strong></span> <span class='ocrx_word' id='word_1_271' title='bbox 1046 3324 1072 3363; x_wconf 89' lang='lat' dir='ltr'><strong>et</strong></span> <span class='ocrx_word' id='word_1_272' title='bbox 1096 3314 1231 3366; x_wconf 79' lang='lat' dir='ltr'><strong>avaritiam</strong></span> 
     </span>
     <span class='ocr_line' id='line_1_32' title="bbox 174 3391 1232 3464; baseline 0.001 -20"><span class='ocrx_word' id='word_1_273' title='bbox 174 3393 259 3446; x_wconf 81' lang='lat' dir='ltr'><strong>tarch.</strong></span> <span class='ocrx_word' id='word_1_274' title='bbox 276 3393 305 3445; x_wconf 88' lang='lat' dir='ltr'><strong>in</strong></span> <span class='ocrx_word' id='word_1_275' title='bbox 321 3394 417 3445; x_wconf 81' lang='lat' dir='ltr'><strong>Mario.</strong></span> <span class='ocrx_word' id='word_1_276' title='bbox 431 3393 522 3445; x_wconf 75' lang='lat' dir='ltr'><strong>Bocchi</strong></span> <span class='ocrx_word' id='word_1_277' title='bbox 537 3394 618 3464; x_wconf 74' lang='lat' dir='ltr'><strong>igitur</strong></span> <span class='ocrx_word' id='word_1_278' title='bbox 632 3411 682 3464; x_wconf 87' lang='lat' dir='ltr'><strong>pro</strong></span> <span class='ocrx_word' id='word_1_279' title='bbox 724 3392 795 3444; x_wconf 88' lang='lat' dir='ltr'><strong>solus</strong></span> <span class='ocrx_word' id='word_1_280' title='bbox 805 3391 989 3460; x_wconf 86' lang='lat' dir='ltr'><strong>ipseexercere</strong></span> <span class='ocrx_word' id='word_1_281' title='bbox 1000 3391 1028 3442; x_wconf 91' lang='lat' dir='ltr'><strong>in</strong></span> <span class='ocrx_word' id='word_1_282' title='bbox 1040 3392 1232 3445; x_wconf 81' lang='lat' dir='ltr'><strong>sociosvestroa</strong></span> 
     </span>
     <span class='ocr_line' id='line_1_33' title="bbox 175 3471 1232 3543; baseline 0 -19"><span class='ocrx_word' id='word_1_283' title='bbox 175 3474 247 3543; x_wconf 77' lang='lat' dir='ltr'><strong>vulg.</strong></span> <span class='ocrx_word' id='word_1_284' title='bbox 257 3473 365 3534; x_wconf 70' lang='lat' dir='ltr'><strong>Boccho,</strong></span> <span class='ocrx_word' id='word_1_285' title='bbox 379 3472 470 3526; x_wconf 91' lang='lat' dir='ltr'><strong>Cortio</strong></span> <span class='ocrx_word' id='word_1_286' title='bbox 483 3485 631 3543; x_wconf 73' lang='lat' dir='ltr'><strong>praeeunte,</strong></span> <span class='ocrx_word' id='word_1_287' title='bbox 641 3491 683 3525; x_wconf 87' lang='lat' dir='ltr'><strong>re·</strong></span> <span class='ocrx_word' id='word_1_288' title='bbox 726 3472 787 3524; x_wconf 84' lang='lat' dir='ltr'><strong>satis</strong></span> <span class='ocrx_word' id='word_1_289' title='bbox 799 3471 918 3534; x_wconf 85' lang='lat' dir='ltr'><strong>haberet,</strong></span> <span class='ocrx_word' id='word_1_290' title='bbox 928 3487 1008 3521; x_wconf 84' lang='lat' dir='ltr'><strong>unam</strong></span> <span class='ocrx_word' id='word_1_291' title='bbox 1018 3471 1163 3539; x_wconf 79' lang='lat' dir='ltr'><strong>profundum</strong></span> <span class='ocrx_word' id='word_1_292' title='bbox 1174 3473 1232 3543; x_wconf 89' lang='lat' dir='ltr'><strong>qui·</strong></span> 
     </span>
     <span class='ocr_line' id='line_1_34' title="bbox 174 3549 1232 3623; baseline 0 -19"><span class='ocrx_word' id='word_1_293' title='bbox 174 3553 320 3623; x_wconf 75' lang='lat' dir='ltr'><strong>pmuimua</strong></span> <span class='ocrx_word' id='word_1_294' title='bbox 348 3551 502 3606; x_wconf 77' lang='lat' dir='ltr'><strong>Genitirum</strong></span> <span class='ocrx_word' id='word_1_295' title='bbox 526 3552 616 3604; x_wconf 75' lang='lat' dir='ltr'><strong>Bacchi</strong></span> <span class='ocrx_word' id='word_1_296' title='bbox 637 3553 684 3605; x_wconf 92' lang='lat' dir='ltr'><strong>ha·</strong></span> <span class='ocrx_word' id='word_1_297' title='bbox 726 3549 787 3604; x_wconf 89' lang='lat' dir='ltr'><strong>dem</strong></span> <span class='ocrx_word' id='word_1_298' title='bbox 798 3553 938 3618; x_wconf 72' lang='lat' dir='ltr'><strong>voragim</strong></span> <span class='ocrx_word' id='word_1_299' title='bbox 951 3562 1037 3602; x_wconf 88' lang='lat' dir='ltr'><strong>tamen</strong></span> <span class='ocrx_word' id='word_1_300' title='bbox 1050 3550 1232 3621; x_wconf 84' lang='lat' dir='ltr'><strong>patientiano·</strong></span> 
     </span>
     <span class='ocr_line' id='line_1_35' title="bbox 174 3629 1056 3704; baseline -0.002 -20"><span class='ocrx_word' id='word_1_301' title='bbox 174 3633 242 3684; x_wconf 86' lang='lat' dir='ltr'><strong>beut</strong></span> <span class='ocrx_word' id='word_1_302' title='bbox 255 3650 270 3684; x_wconf 88' lang='lat' dir='ltr'><strong>e</strong></span> <span class='ocrx_word' id='word_1_303' title='bbox 283 3631 416 3684; x_wconf 78' lang='lat' dir='ltr'><strong>uostriaC</strong></span> <span class='ocrx_word' id='word_1_304' title='bbox 436 3643 462 3684; x_wconf 89' lang='lat' dir='ltr'><strong>et</strong></span> <span class='ocrx_word' id='word_1_305' title='bbox 475 3634 516 3694; x_wconf 85' lang='lat' dir='ltr'><strong>D,</strong></span> <span class='ocrx_word' id='word_1_306' title='bbox 534 3645 560 3684; x_wconf 87' lang='lat' dir='ltr'><strong>et</strong></span> <span class='ocrx_word' id='word_1_307' title='bbox 575 3632 685 3704; x_wconf 86' lang='lat' dir='ltr'><strong>plurimi</strong></span> <span class='ocrx_word' id='word_1_308' title='bbox 727 3644 779 3684; x_wconf 82' lang='lat' dir='ltr'><strong>stra</strong></span> <span class='ocrx_word' id='word_1_309' title='bbox 794 3629 972 3700; x_wconf 77' lang='lat' dir='ltr'><strong>exples-emus,</strong></span> <span class='ocrx_word' id='word_1_310' title='bbox 985 3642 1056 3683; x_wconf 81' lang='lat' dir='ltr'><strong>etc.»</strong></span> 
     </span>
     <span class='ocr_line' id='line_1_36' title="bbox 174 3707 1235 3782; baseline -0.001 -18"><span class='ocrx_word' id='word_1_311' title='bbox 174 3709 250 3782; x_wconf 83' lang='lat' dir='ltr'><strong>apud</strong></span> <span class='ocrx_word' id='word_1_312' title='bbox 261 3710 372 3763; x_wconf 86' lang='lat' dir='ltr'><strong>Haverc.</strong></span> <span class='ocrx_word' id='word_1_313' title='bbox 390 3723 416 3762; x_wconf 87' lang='lat' dir='ltr'><strong>et</strong></span> <span class='ocrx_word' id='word_1_314' title='bbox 432 3711 562 3764; x_wconf 84' lang='lat' dir='ltr'><strong>Curtium.</strong></span> <span class='ocrx_word' id='word_1_315' title='bbox 575 3711 687 3764; x_wconf 87' lang='lat' dir='ltr'><strong>Firmio·</strong></span> <span class='ocrx_word' id='word_1_316' title='bbox 771 3729 797 3762; x_wconf 76' lang='lat' dir='ltr'><strong>s.</strong></span> <span class='ocrx_word' id='word_1_317' title='bbox 811 3710 879 3778; x_wconf 78' lang='lat' dir='ltr'><strong>(luis.</strong></span> <span class='ocrx_word' id='word_1_318' title='bbox 890 3709 1002 3774; x_wconf 88' lang='lat' dir='ltr'><strong>Quibus.</strong></span> <span class='ocrx_word' id='word_1_319' title='bbox 1014 3707 1152 3762; x_wconf 80' lang='lat' dir='ltr'><strong>-Omnia</strong></span> <span class='ocrx_word' id='word_1_320' title='bbox 1160 3729 1235 3782; x_wconf 75' lang='lat' dir='ltr'><strong>regna</strong></span> 
     </span>
     <span class='ocr_line' id='line_1_37' title="bbox 172 3789 1234 3860; baseline 0.001 -18"><span class='ocrx_word' id='word_1_321' title='bbox 172 3789 252 3843; x_wconf 84' lang='lat' dir='ltr'><strong>ribus</strong></span> <span class='ocrx_word' id='word_1_322' title='bbox 261 3803 333 3842; x_wconf 75' lang='lat' dir='ltr'><strong>cerae</strong></span> <span class='ocrx_word' id='word_1_323' title='bbox 342 3791 540 3844; x_wconf 82' lang='lat' dir='ltr'><strong>auctoritatibus</strong></span> <span class='ocrx_word' id='word_1_324' title='bbox 550 3791 623 3844; x_wconf 87' lang='lat' dir='ltr'><strong>nulla</strong></span> <span class='ocrx_word' id='word_1_325' title='bbox 635 3810 686 3844; x_wconf 89' lang='lat' dir='ltr'><strong>un·</strong></span> <span class='ocrx_word' id='word_1_326' title='bbox 728 3789 830 3842; x_wconf 81' lang='lat' dir='ltr'><strong>advorsa</strong></span> <span class='ocrx_word' id='word_1_327' title='bbox 847 3793 901 3841; x_wconf 82' lang='lat' dir='ltr'><strong>siat.</strong></span> <span class='ocrx_word' id='word_1_328' title='bbox 925 3789 1029 3842; x_wconf 88' lang='lat' dir='ltr'><strong>Scilicet</strong></span> <span class='ocrx_word' id='word_1_329' title='bbox 1050 3789 1112 3860; x_wconf 84' lang='lat' dir='ltr'><strong>quia</strong></span> <span class='ocrx_word' id='word_1_330' title='bbox 1133 3789 1181 3842; x_wconf 86' lang='lat' dir='ltr'><strong>soli</strong></span> <span class='ocrx_word' id='word_1_331' title='bbox 1206 3793 1234 3843; x_wconf 88' lang='lat' dir='ltr'><strong>in</strong></span> 
     </span>
     <span class='ocr_line' id='line_1_38' title="bbox 173 3868 1234 3941; baseline 0 -20"><span class='ocrx_word' id='word_1_332' title='bbox 173 3888 258 3941; x_wconf 80' lang='lat' dir='ltr'><strong>quam</strong></span> <span class='ocrx_word' id='word_1_333' title='bbox 273 3869 353 3922; x_wconf 88' lang='lat' dir='ltr'><strong>lectio</strong></span> <span class='ocrx_word' id='word_1_334' title='bbox 367 3870 432 3922; x_wconf 78' lang='lat' dir='ltr'><strong>fulta</strong></span> <span class='ocrx_word' id='word_1_335' title='bbox 444 3889 499 3923; x_wconf 82' lang='lat' dir='ltr'><strong>esse</strong></span> <span class='ocrx_word' id='word_1_336' title='bbox 512 3883 607 3941; x_wconf 89' lang='lat' dir='ltr'><strong>potest.</strong></span> <span class='ocrx_word' id='word_1_337' title='bbox 729 3871 807 3922; x_wconf 84' lang='lat' dir='ltr'><strong>terrie</strong></span> <span class='ocrx_word' id='word_1_338' title='bbox 821 3869 950 3940; x_wconf 85' lang='lat' dir='ltr'><strong>imperare</strong></span> <span class='ocrx_word' id='word_1_339' title='bbox 962 3870 1064 3922; x_wconf 84' lang='lat' dir='ltr'><strong>volunt.</strong></span> <span class='ocrx_word' id='word_1_340' title='bbox 1075 3868 1117 3921; x_wconf 89' lang='lat' dir='ltr'><strong>Sic</strong></span> <span class='ocrx_word' id='word_1_341' title='bbox 1130 3869 1234 3941; x_wconf 73' lang='lat' dir='ltr'><strong>Fragm</strong></span> 
     </span>
    </p>

    <p class='ocr_par' dir='ltr' id='par_1_5' title="bbox 174 3936 1237 4100">
     <span class='ocr_line' id='line_1_39' title="bbox 222 3936 1234 4020; baseline 0.003 -18"><span class='ocrx_word' id='word_1_342' title='bbox 222 3954 248 4012; x_wconf 73' lang='lat'><strong>4.</strong></span> <span class='ocrx_word' id='word_1_343' title='bbox 263 3951 367 4002; x_wconf 72' lang='lat' dir='ltr'><strong>Arum</strong></span> <span class='ocrx_word' id='word_1_344' title='bbox 379 3951 529 4002; x_wconf 81' lang='lat' dir='ltr'><strong>multitudine</strong></span> <span class='ocrx_word' id='word_1_345' title='bbox 537 3950 686 4002; x_wconf 74' lang='lat' dir='ltr'><strong>distrahitur.</strong></span> <span class='ocrx_word' id='word_1_346' title='bbox 730 3950 779 4011; x_wconf 77' lang='lat' dir='ltr'><strong>IV,</strong></span> <span class='ocrx_word' id='word_1_347' title='bbox 790 3949 873 4020; x_wconf 85' lang='lat' dir='ltr'><strong>Epist.</strong></span> <span class='ocrx_word' id='word_1_348' title='bbox 885 3936 1048 4002; x_wconf 85' lang='lat' dir='ltr'><strong>Mithridatis</strong></span> <span class='ocrx_word' id='word_1_349' title='bbox 1055 3947 1088 4000; x_wconf 88' lang='lat' dir='ltr'><strong>ad</strong></span> <span class='ocrx_word' id='word_1_350' title='bbox 1096 3951 1234 4005; x_wconf 81' lang='lat' dir='ltr'><strong>Arsacem:</strong></span> 
     </span>
     <span class='ocr_line' id='line_1_40' title="bbox 174 4027 1237 4100; baseline 0.002 -18"><span class='ocrx_word' id='word_1_351' title='bbox 174 4027 286 4083; x_wconf 78' lang='lat' dir='ltr'><strong>Divisae</strong></span> <span class='ocrx_word' id='word_1_352' title='bbox 294 4028 364 4084; x_wconf 88' lang='lat' dir='ltr'><strong>inter</strong></span> <span class='ocrx_word' id='word_1_353' title='bbox 373 4042 412 4084; x_wconf 81' lang='lat' dir='ltr'><strong>tot</strong></span> <span class='ocrx_word' id='word_1_354' title='bbox 420 4049 515 4085; x_wconf 72' lang='lat' dir='ltr'><strong>mores</strong></span> <span class='ocrx_word' id='word_1_355' title='bbox 525 4047 600 4084; x_wconf 83' lang='lat' dir='ltr'><strong>amor</strong></span> <span class='ocrx_word' id='word_1_356' title='bbox 610 4031 689 4100; x_wconf 80' lang='lat' dir='ltr'><strong>friget</strong></span> <span class='ocrx_word' id='word_1_357' title='bbox 735 4029 1237 4100; x_wconf 75' lang='lat' dir='ltr'><strong>«Namquellomanieaumnationibus,</strong></span> 
     </span>
    </p>
   </div>
   <div class='ocr_carea' id='block_1_4' title="bbox 0 0 1499 4654">
    <p class='ocr_par' dir='ltr' id='par_1_6' title="bbox 0 0 1499 4654">
     <span class='ocr_line' id='line_1_41' title="bbox 0 0 1499 4654; baseline 0 0"><span class='ocrx_word' id='word_1_358' title='bbox 0 0 1499 4654; x_wconf 95' lang='lat' dir='ltr'><strong> </strong></span> 
     </span>
    </p>
   </div>
  </div>
 </body>
</html>
