2916 4630
545 379 807 448 CATILINA.
1175 405 1222 475 97

162 509 266 578 multa
287 509 449 595 audienti,
466 535 539 604 quae
561 511 701 608 populus
727 533 883 580 romanus
910 511 999 580 domi
1021 510 1225 606 militiaque,

162 619 244 684 mari
265 631 368 710 atque
396 631 502 705 terra,
530 618 687 712 praeclara
709 617 854 688 facinora
887 617 982 704 fecit,
1005 617 1090 687 forte
1121 617 1226 687 lubuit
1315 612 1317 620 ¹
1351 705 1362 732 ‚

162 723 350 810 attendere,
371 747 444 816 qua
472 748 524 792 res
553 748 704 792 maxume
726 738 817 792 tanta
838 726 970 818 negotia
991 726 1194 793 sustinuisset
1205 723 1223 792 ².

164 814 355 916 Sciebam³‚
377 853 601 924 saepenumero
622 853 725 924 parva
752 851 851 898 manu
874 855 950 900 curn
979 833 1105 925 magnis
1127 829 1225 925 legio·

165 934 261 1002 nibus
291 935 437 1004 bostium
468 935 700 1024 contendisse3
726 959 947 1030 cognoveram
985 939 1094 1031 parvis
1126 939 1228 1030 copiis

167 1038 253 1107 bella
274 1055 362 1134 gesta
383 1066 460 1112 cum
482 1041 645 1136 opulentis
666 1043 816 1137 regibus;
829 1041 871 1109 ad
893 1042 958 1110 hoc
980 1067 1065 1137 saepe
1087 1041 1227 1112 fortrurae

169 1143 354 1216 violentiam
371 1145 576 1235 toleravisse3
589 1147 742 1218 facundia
751 1151 901 1235 Graecos,
914 1147 1017 1242 gloria
1027 1146 1103 1216 belli
1115 1147 1235 1217 Gallos·

169 1265 245 1318 ante
265 1254 432 1322 Romanos
454 1254 572 1324 brisso:
595 1279 634 1323 ac
656 1255 737 1324 mihi
758 1253 862 1322 multa
882 1255 1018 1348 agitanti
1040 1252 1228 1344 constabat,

168 1381 350 1450 paucorum
372 1361 492 1430 civium
519 1363 684 1456 egregiam
706 1363 861 1429 virtutem
889 1373 1008 1429 cuncta
1030 1361 1229 1454 patravisse3

167 1488 272 1558 eoque
293 1465 435 1553 factum,
456 1469 505 1535 uti
525 1465 653 1536 divitias
675 1481 866 1561 paupertas,
889 1465 1132 1534 multitudinem
1153 1490 1231 1560 pau·

167 1572 246 1639 citas
268 1585 447 1666 superaret.
470 1573 536 1641 Sed
557 1587 731 1668 postquam
754 1571 832 1642 luxu
853 1586 951 1666 atque
974 1571 1096 1641 desidia
1117 1573 1230 1642 civitas

169 1691 325 1772 corrupta
346 1693 411 1766 est,
432 1703 544 1764 rursus
566 1678 749 1774 respublica
770 1678 994 1773 magnitudine
1016 1703 1075 1748 sua
1096 1681 1232 1774 impera·

170 1796 278 1852 torum
300 1799 399 1878 atque
420 1787 669 1880 magistratuum
692 1786 769 1854 vitia
791 1784 994 1853 sustentabat
1008 1773 1036 1872 ⁴3
1058 1810 1114 1872 ac,
1131 1785 1233 1853 veluti

171 1888 268 1958 effeta
280 1905 418 1985 parente
427 1877 450 1978 ⁵,
464 1891 574 1962 multis
595 1891 843 1988 tempestatibus
857 1891 949 1959 haud
966 1911 1043 1960 sane
1061 1893 1233 1985 quisquam

171 2096 339 2168 judicaverit,
350 2102 388 2154 nil
400 2097 535 2176 repugno)
549 2121 556 2155 :
568 2103 678 2174 Magno·
766 2108 791 2165 4.
807 2100 969 2154 Smteatabat.
984 2097 1055 2151 Vide
1070 2112 1126 2151 not.
1148 2101 1179 2164 8,
1201 2097 1234 2150 ad

172 2177 233 2231 rum
245 2181 365 2234 virorum
385 2183 468 2236 virtus
489 2184 680 2254 rempublicam
723 2199 781 2252 cap.
793 2181 851 2232 Lu.
867 2179 928 2236 Non
942 2181 996 2251 jam
1007 2179 1058 2230 viri
1073 2178 1234 2249 reipublice,

173 2258 247 2312 initio
257 2280 367 2332 parvam
383 2262 551 2335 amplificavit
558 2301 567 2330 ,
580 2261 680 2334 diuque
723 2257 770 2313 sed
785 2259 933 2331 respublica
946 2259 1010 2311 viris
1020 2256 1172 2329 adjumento
1182 2270 1235 2324 est,

172 2339 303 2394 sustinuit.
317 2341 434 2394 Sustinet
448 2361 536 2408 nunc,
552 2343 581 2394 in
596 2362 680 2414 penu·
724 2359 758 2392 ne
774 2341 827 2392 sois
842 2340 893 2410 ipsi
906 2337 978 2391 vitiis
992 2351 1125 2391 comuant.

172 2417 519 2494 riavirtutum,reipublicae
526 2419 680 2493 magnitudo
767 2421 792 2472 ⁵.
807 2419 890 2469 Veluti
903 2419 976 2485 effeta
983 2429 1090 2488 parente.
1101 2415 1185 2482 ,Quasi
1200 2417 1236 2468 se-

173 2497 360 2569 imperatorum
383 2513 460 2572 atque
483 2502 680 2572 magistratuum
723 2497 811 2551 crurda
824 2499 943 2550 virorum
958 2509 1041 2550 mater
1061 2498 1160 2560 Roma,
1177 2509 1235 2548 tan·

173 2576 301 2632 inertiam.
308 2581 466 2652 Quanquam
473 2579 681 2634 duosviroshac
724 2577 785 2631 dem
799 2579 876 2630 effen
889 2578 937 2644 sit,
950 2595 999 2629 nec
1011 2577 1078 2628 ullos
1090 2579 1144 2647 jam
1154 2575 1236 2648 possit

174 2669 232 2710 atas
244 2661 356 2730 protulit
369 2661 469 2730 ingenti
479 2661 592 2726 virtute,
605 2661 682 2714 Cato·
724 2657 839 2728 gignere.
856 2657 913 2710 Hoc
936 2676 1015 2720 vero,
1031 2657 1104 2723 effeta
1117 2667 1233 2728 parente,

174 2755 234 2790 nean
247 2753 274 2791 et
287 2739 431 2805 Caesarem
445 2759 560 2812 quorum
574 2759 622 2810 ego
635 2758 682 2792 na·
725 2735 798 2807 quod
811 2750 871 2808 post
879 2737 939 2808 Bip.
950 2735 1043 2788 damus
1051 2773 1059 2799 ,
1067 2735 1172 2788 Cortius
1182 2754 1238 2788 mo·

174 2828 258 2869 uuam
274 2832 300 2872 et
314 2838 400 2872 mores
415 2820 538 2890 aperiam.
724 2829 771 2869 net
787 2816 814 2868 in
830 2835 884 2868 uno
900 2828 1002 2868 tantum
1009 2813 1237 2881 codiceinveniri;

215 2917 241 2950 a.
253 2899 316 2967 Quoe
331 2903 552 2951 res...sustourisset.
563 2899 628 2964 Qua
641 2917 683 2950 res
725 2907 796 2948 etex
811 2895 920 2967 reliquis
935 2897 1059 2948 omnibus
1073 2895 1148 2966 legit,
1161 2896 1239 2946 veluti

175 2977 340 3046 potissimum
355 2978 683 3032 Romanisviiessuli'ecir·
726 2976 799 3042 effeta
818 2987 960 3046 parentum
974 2977 1063 3046 sicque
1080 2975 1239 3052 interprete-¹

176 3067 226 3118 set,
241 3069 271 3110 ut
286 3069 356 3112 tanta
371 3057 475 3130 negotia
491 3057 658 3111 sustinerent.
726 3059 863 3108 turnieuti
874 3056 947 3122 effeta
956 3051 1238 3126 parens(interparen-

217 3137 243 3189 3.
266 3137 381 3190 Scr'ebam.
403 3139 545 3192 Euomeret
568 3149 634 3210 quot
658 3149 684 3190 et
726 3131 1238 3204 teslseseImberesoletSedpaulodurior

177 3230 272 3286 quanta
286 3217 436 3270 obstiterint
450 3219 549 3290 populo
560 3235 683 3281 romano,
727 3212 944 3284 videturellipsis.
950 3214 1074 3266 Ceterum
1082 3213 1237 3282 interpretes

177 3313 210 3346 ne
225 3294 260 3348 ad
278 3310 381 3350 tanturn
399 3297 489 3368 glorias
508 3297 609 3370 apicem
624 3315 684 3348 eva·
728 3311 819 3344 omnes
834 3291 868 3343 de
883 3291 1011 3355 lectione,
1027 3293 1100 3358 effera
1111 3303 1236 3361 peraratum

178 3370 259 3430 deret.
274 3365 303 3429 ι’
313 3377 406 3430 Paucis
421 3377 549 3445 militibus
561 3374 684 3429 adversus
727 3373 784 3424 sine
792 3371 845 3423 line
854 3367 1004 3440 disputant,
1014 3387 1099 3439 neque
1109 3369 1177 3420 ullus
1189 3389 1237 3420 no·

178 3455 274 3508 multos
292 3457 433 3528 pugnabat.
450 3447 478 3510 2⁰
491 3455 581 3508 Parvis
602 3455 686 3526 copiis
728 3450 793 3503 dum
807 3449 892 3502 solvit.
902 3444 1147 3519 Gronovius(apnd
1159 3445 1237 3512 Har.)

178 3527 298 3604 (gallice,
317 3555 426 3607 noyers,
448 3531 606 3598 ressomes),
623 3553 686 3588 cum
729 3529 836 3602 conjicit
857 3547 917 3581 cum
944 3545 1008 3579 rore
1030 3528 1117 3594 effeta,
1142 3528 1238 3578 subau-

177 3615 282 3710 regibus
299 3615 431 3687 opulentis
453 3615 552 3668 bellum
570 3615 684 3686 gerebat.
729 3608 858 3663 diendum
870 3627 925 3660 esse
937 3619 1081 3678 tempestate,
1092 3605 1165 3678 quod
1173 3607 1240 3676 petit

180 3691 197 3744 3
237 3693 368 3748 &vitiam
392 3695 503 3748 fortuna
527 3714 581 3747 non
608 3693 687 3746 semel
730 3709 761 3742 ex
784 3689 953 3762 sequentibus
968 3687 1070 3751 verbis,
1087 3685 1165 3738 multis
1182 3697 1238 3736 tern-

178 3789 265 3842 passus
277 3789 325 3828 est.
339 3765 372 3839 4⁰
384 3773 482 3828 Graecis
490 3771 621 3838 facundia,
627 3773 689 3825 Gal·
727 3771 866 3842 pastoribus.
881 3765 933 3820 Sed
947 3767 1014 3819 nihil
1023 3763 1086 3818 inde
1092 3766 1147 3818 sani
1156 3765 1239 3829 elicit,

177 3849 210 3903 lis
224 3855 306 3924 gloria
319 3855 396 3918 belli,
411 3855 522 3908 inferior
539 3853 597 3906 fuit.
615 3850 688 3917 Quid
731 3863 758 3902 et
770 3861 859 3922 postea
875 3867 902 3900 se
916 3848 972 3920 ipse
984 3845 1098 3898 damnat.
1114 3843 1186 3910 Quid
1201 3859 1239 3896 ta-

179 3929 259 4000 igitur
271 3953 332 3986 eum
346 3935 374 3986 in
384 3945 484 3987 tantam
498 3933 619 4006 provexit
632 3950 688 3984 ma·
733 3929 813 3981 men?
824 3930 861 3994 si,
874 3946 954 4000 quam
964 3925 1090 3996 relinquit
1101 3925 1158 3990 ille,
1179 3943 1241 3976 con·

179 4011 362 4078 gnitudinem?
384 4013 495 4084 Egregia
512 4013 610 4066 scilicet
625 4003 688 4084 pau·
733 4011 861 4080 jecturam
876 4025 923 4058 nos
938 4004 1059 4076 sequuti,
1069 4004 1106 4057 sic
1115 4004 1242 4075 intelliga-

181 4105 272 4144 ttorum
283 4093 382 4148 civium
395 4093 489 4148 virtus.
735 4086 1092 4156 musmulotr'effitaparentum
1099 4096 1243 4156 tempestate,-

1036 4215 1056 4286 7
