2922 4642
264 381 327 428 xiv
729 358 859 426 VITA

262 507 329 561 tem
357 489 499 560 retinere
521 486 655 578 volunt,
675 488 731 559 alii
752 489 952 559 habentibus
978 489 1113 585 eripere.
1134 493 1221 562 Nam
1246 493 1340 568 foris

261 601 373 668 Caesar
398 595 636 692 rempublicam
663 595 810 668 victoriis
836 595 1010 692 augendo,
1031 597 1122 667 domi
1150 601 1341 694 Pompeius

262 703 421 774 callidiori
445 701 588 791 ambitu,
612 704 820 798 tyrannidem
851 703 1061 774 affectabant.
1091 707 1155 774 Hic
1182 729 1338 803 nempe,

262 835 329 907 quo
352 813 474 880 certius
488 809 630 880 dictator
646 809 755 903 fieret,
771 809 942 882 dictatura
959 825 1187 907 contemptum
1207 837 1279 908 prae
1299 843 1340 887 se

261 919 366 1002 ferre,
393 920 516 986 interea
540 915 779 986 discordiarum
802 941 917 987 causas
948 917 1098 988 occultus
1130 944 1262 1007 serere,
1295 940 1340 993 ut

261 1023 459 1094 turbulentae
478 1021 637 1094 libertatis
658 1023 792 1094 taedium
821 1025 948 1093 animos
968 1023 1009 1092 ad
1033 1027 1129 1094 unius
1150 1028 1339 1122 imperium

262 1145 425 1201 avocaret.
438 1133 457 1199 J
459 1155 512 1199 am
525 1154 565 1198 oo
577 1132 710 1200 conscio
724 1145 822 1225 atque
832 1131 931 1198 etiam
943 1145 1090 1219 auctore,
1097 1131 1216 1224 jactari
1226 1158 1339 1206 voces

260 1241 294 1306 in
307 1236 443 1333 vulgus,
458 1267 475 1302 «
484 1261 655 1331 nunquam
666 1239 851 1332 quieturam
864 1221 1035 1305 romanam
1050 1262 1138 1324 rem,
1149 1239 1211 1306 nisi
1225 1262 1339 1336 supra

261 1368 353 1440 spem
375 1343 473 1416 simul
492 1358 526 1414 et
547 1358 672 1414 metum
694 1342 799 1412 elatus
821 1345 1032 1438 magistratus
1052 1342 1160 1420 studia
1180 1347 1338 1440 partium

260 1463 503 1548 compescerem
526 1475 615 1518 nuno
639 1447 800 1546 populum
822 1451 938 1544 paucis
966 1449 1124 1523 seditiosis
1151 1451 1336 1534 turbarum

259 1560 432 1628 materiam
446 1555 532 1639 fieri;
553 1560 671 1626 terreri
692 1555 1051 1644 senatumsdilacerari
1070 1557 1337 1658 rempublicam3

259 1687 329 1734 esse
348 1679 459 1734 tamen
477 1661 659 1730 remedium
678 1663 776 1734 tantis
796 1661 906 1754 malis,
924 1663 1138 1752 dictaturam3
1160 1690 1252 1757 esse,
1273 1673 1337 1766 qui

258 1771 401 1840 dictator
409 1770 740 1840 nominetur.nInter
748 1769 820 1840 hec
832 1771 916 1868 ipse,
927 1771 962 1842 in
973 1771 1165 1842 suburbano
1177 1797 1338 1864 secessu,

258 1892 297 1946 ut
308 1876 482 1946 videbatur
491 1929 500 1964 ,
509 1875 651 1964 otiosus,
665 1889 700 1945 et
713 1875 804 1970 quod
820 1876 1071 1972 flagrantissime
1085 1878 1242 1974 cupiebat
1259 1907 1337 1953 ver·

258 1983 308 2054 bis
324 2007 496 2072 recusans,
507 1982 714 2077 temporibus
726 1981 916 2078 reipublice
928 1983 1153 2058 insidiabatur.
1166 1984 1233 2060 Sed
1250 1987 1336 2086 plu-

257 2090 349 2160 ribus
357 2104 519 2160 terrorem
529 2089 687 2183 injecerat
695 2088 867 2163 dictaturae
876 2115 999 2164 nomen
1007 2115 1111 2186 regno
1120 2093 1335 2190 proximum,

259 2195 419 2293 Syllaeque
441 2196 573 2292 adjutor
593 2195 762 2291 quondam
776 2211 811 2271 ot
829 2200 922 2293 quasi
941 2196 1120 2294 discipulus
1137 2199 1334 2296 Pompeius.

310 2306 418 2398 Igitur
434 2306 543 2372 Roma
561 2302 759 2398 quotidianis
778 2304 924 2374 motibus
936 2305 1140 2402 agitabatur,
1156 2330 1219 2376 nec
1241 2307 1334 2382 ullus

256 2435 275 2480 a
290 2409 438 2482 kalendis
454 2411 614 2504 januariis
632 2409 792 2504 usquead
809 2410 982 2504 quintilem
997 2435 1144 2483 mensem
1162 2412 1240 2484 urbi
1262 2415 1333 2487 fue

256 2531 310 2586 rat
327 2519 546 2612 magistratus.
567 2517 654 2588 Hinc
670 2513 805 2587 Clodius
821 2530 1015 2610 praeturam,
1033 2514 1123 2589 illinc
1137 2515 1222 2586 Milo
1245 2546 1330 2592 con-

256 2621 399 2694 sulatum
415 2625 448 2690 in
461 2645 584 2692 annum
597 2636 788 2715 sequentem
801 2621 968 2716 petebant.
981 2621 1047 2696 Sed
1060 2635 1180 2706 neutro
1193 2648 1328 2715 rerum,

256 2737 339 2826 quas
355 2742 504 2824 gereret,
524 2727 673 2800 futurum
687 2751 860 2798 censorem
882 2726 1025 2816 ferente,
1103 2752 1175 2806 ⁰11ae
1191 2745 1228 2806 et
1249 2737 1329 2804 assi·

256 2836 330 2906 duae
345 2834 450 2905 caedes
463 2836 549 2904 inter
559 2836 730 2928 utriusque
744 2857 873 2922 servos,
885 2859 968 2930 quos
982 2833 1024 2906 ad
1035 2835 1202 2928 justorum
1216 2863 1326 2936 prope

255 2945 460 3013 exercituum
479 2939 725 3012 multitudinem
750 2964 863 3012 secum
884 2939 1072 3030 ducebant,
1096 2943 1223 3038 inipso
1247 2946 1325 3020 foro

256 3049 448 3120 edebantur.
470 3047 620 3118 Tandem
643 3045 777 3119 alteruis
799 3069 881 3118 nece
898 3045 937 3118 lis
956 3046 1135 3142 dijudicata
1161 3065 1221 3120 est.
1248 3055 1323 3126 De-

257 3159 345 3228 cimo
367 3157 465 3225 tertio
488 3153 541 3228 die
562 3169 637 3224 ante
656 3153 720 3224 ltal.
746 3153 929 3225 februarias
949 3156 1027 3224 anni
1051 3179 1144 3252 702,
1163 3157 1322 3232 interfici·

257 3279 348 3334 tura
366 3260 492 3332 Milone
509 3263 670 3356 pessimus
688 3259 861 3332 turbarum
883 3262 1068 3332 concitator
1086 3261 1240 3354 Clodius3
1263 3269 1322 3338 sed

256 3371 405 3467 privata,
424 3393 492 3437 non
514 3353 663 3462 publica,
682 3367 806 3437 ultione.
826 3369 1049 3464 interceptus,
1071 3393 1140 3440 non
1161 3372 1195 3443 iu
1218 3371 1320 3446 finem

256 3477 429 3550 turbarum
451 3474 585 3562 cecidit,
606 3475 662 3546 sed
683 3477 717 3544 in
740 3497 903 3544 novarum
920 3478 1139 3548 occasionem.

308 3588 350 3654 ln
366 3583 426 3652 bas
440 3580 611 3652 Sallustius
626 3596 734 3652 totum
750 3607 785 3652 se
801 3582 962 3676 conjecit,
975 3583 1052 3653 mali
1064 3581 1194 3654 sceleris
1213 3581 1319 3655 malus

256 3693 433 3784 castigator
447 3703 481 3757 et
499 3688 628 3758 vindex.
645 3691 737 3758 Dum
754 3690 841 3758 enim
860 3687 1034 3760 lacrimans
1048 3688 1161 3758 Fulvia
1175 3703 1316 3758 stantem

256 3802 381 3870 circum
393 3795 556 3865 interlecti
567 3794 716 3889 conjugis
725 3795 867 3864 cadaver
881 3795 1012 3890 plebem
1026 3795 1221 3882 concitaret,
1236 3817 1314 3864 cur-

256 3905 375 3976 sitabat
396 3901 566 3972 Sallustius
585 3903 691 3971 socios
710 3916 745 3970 et
761 3901 928 3995 adjutores
950 3902 1052 3971 furori
1074 3925 1134 3970 suo
1152 3922 1311 3992 quaerens;

255 4013 408 4104 factoque
429 4012 553 4104 ingenti
574 4033 756 4097 concursu,
774 4033 815 4077 ex
839 4011 973 4095 rostris,
994 4011 1029 4078 in
1047 4007 1166 4100 quibus
1188 4001 1310 4072 nudum

1115 4233 1129 4266 t
