2910 4666
221 347 296 436 340
670 345 821 417 FASTI

265 458 303 500 ,ΠΙ
326 487 331 498 ¹

218 463 271 502 lm
308 459 417 578 cMors
434 513 592 602 Scipionis
611 515 763 580 consulis.

329 619 524 708 Calpurnius
541 621 694 702 Romam,
712 619 753 684 ad
767 619 898 684 comitia
914 617 1078 696 habenda,
1089 618 1172 683 eirca
1182 605 1272 680 menss

371 747 438 790 sem
455 726 625 814 quintilem
643 727 824 792 revertitur.

328 831 440 896 Oratio
458 831 582 896 tribuni
599 833 745 898 Memmii
761 831 803 896 ad
820 831 972 915 Quirites.

327 939 362 1003 L.
389 938 518 1004 Cassius
543 955 678 1027 praetor,
700 939 835 1021 jubente
857 938 996 1027 populo,
1020 936 1062 1002 ad
1083 935 1273 1026 Iugtutbam

369 1058 519 1108 mltlltur.

324 1151 485 1242 Iugurtha
500 1173 576 1216 eum
594 1152 703 1216 Cassio
719 1152 854 1222 Romam
872 1151 971 1216 venit.

216 1258 290 1336 644.
316 1257 359 1344 ,A
379 1257 544 1322 Μιιωοιυε
560 1259 679 1322 Rnrus.
700 1258 749 1321 Sr.
767 1257 949 1322 Posruurus
968 1257 1124 1338 Autnus3
1145 1276 1226 1318 coss.

192 1453 202 1474 .
324 1363 484 1454 Iugurtha
502 1361 688 1444 Massivam,
706 1362 891 1427 Bomilcaris
910 1385 1029 1452 opera,
1047 1363 1157 1426 Romae
1174 1359 1271 1424 inter-

366 1468 442 1533 ficit.

322 1573 533 1662 Iugurthain
551 1572 690 1636 Africam
707 1569 898 1660 regreditur.

325 1679 449 1744 Consul
477 1677 635 1756 Albinus,
665 1678 699 1740 in
722 1677 911 1742 Numidiam
944 1679 1128 1766 profectus,
1153 1674 1273 1740 bellum

327 1861 328 1865 Ἰ
366 1784 506 1848 molliter
523 1783 614 1872 gerit.
635 1781 837 1848 Adventante
864 1783 1073 1848 comitiorum
1097 1782 1166 1864 die,
1193 1782 1271 1845 circa

367 1889 465 1953 linem
484 1889 650 1970 autumni,
665 1890 802 1952 Romam
822 1891 1008 1973 revertitur,
1023 1889 1106 1954 Aulo
1125 1889 1222 1952 fratre
1239 1887 1271 1950 in

365 1995 476 2060 castris
498 2016 558 2083 pro
575 2011 711 2082 praetore
732 1995 854 2060 relicto.

322 2101 358 2166 C.
378 2100 540 2165 Mamilius
560 2101 744 2166 Limetanus
761 2101 912 2166 tribunus
930 2101 1031 2189 plebis
1049 2117 1186 2166 creatur.

214 2204 289 2284 645.
326 2206 367 2288 Q.
387 2207 545 2270 Caeteros
572 2205 744 2270 Murantus
762 2207 774 2294 (
792 2223 903 2294 postea
926 2206 1033 2276 dictus
1049 2206 1236 2272 Nuuroicns
1251 2207 1271 2291 ,l

363 2312 409 2378 M.
429 2313 541 2378 Iuntns
559 2313 716 2396 Sttsnus3
736 2335 817 2378 coss.
1164 2305 1168 2311 ¹

322 2419 424 2482 Aulus
440 2435 619 2506 propraetor
637 2419 771 2501 milites,
790 2441 902 2482 mense
917 2417 1082 2499 januario,
1100 2441 1138 2482 ex
1164 2418 1270 2482 hiber·

365 2524 415 2587 nis
432 2522 556 2606 educit,
571 2522 793 2611 oppidumque
811 2522 930 2586 Suthul
946 2521 1082 2587 obsidet.

202 2695 216 2724 a
323 2627 429 2710 Idem,
445 2629 558 2692 relicto
572 2628 724 2710 Suthule,
736 2627 903 2718 Iugurthae
916 2627 999 2692 dolis
1017 2627 1271 2707 circumventus,

364 2732 405 2797 ad
421 2731 538 2796 foedam
555 2755 667 2820 pacem
685 2733 840 2822 adigitur,
852 2756 950 2821 quam
966 2755 1042 2798 mox
1058 2733 1181 2798 irritam
1198 2735 1272 2799 facit

364 2853 505 2902 senatus.

321 2943 476 3025 Albinus,
488 2943 583 3007 etiam
596 2959 667 3008 tum
684 2945 798 3008 consul
809 2944 942 3033 (seilicet
958 2943 1106 3010 nondum
1123 2947 1272 3035 ingressis

366 3049 588 3137 magistratum
607 3049 737 3114 Metello
757 3067 789 3115 et
807 3050 939 3137 Silano)
954 3051 988 3116 in
1012 3052 1151 3116 Africam
1171 3053 1271 3135 redit3

365 3153 461 3243 (vid.
488 3177 559 3242 sup.
593 3154 759 3232 XXXIX,
784 3171 816 3219 et
841 3171 951 3220 notam
974 3179 987 3220 1
1016 3156 1057 3222 ad
1075 3157 1271 3244 XXXVII).

365 3257 457 3324 Idem
473 3281 570 3342 mox,
586 3261 782 3348 proconsul,
801 3261 927 3324 consuli
946 3261 1076 3326 Metello
1095 3265 1269 3328 exereitum

365 3365 476 3450 tradit3
496 3365 583 3455 (vid.
601 3389 672 3454 sup.
688 3367 805 3448 XLIV,
825 3383 857 3431 et
874 3390 947 3455 quae
964 3368 1010 3432 ibi
1031 3371 1248 3458 notavimus).

322 3471 463 3536 Marium
485 3489 517 3535 et
535 3473 694 3561 Rutilium
716 3473 836 3562 legatos
856 3472 998 3538 adsumit
1023 3475 1084 3539 sibi
1110 3475 1269 3541 Metellus.

320 3579 386 3643 Lex
403 3577 572 3665 Mamilia(
588 3601 661 3666 sup.
680 3579 737 3642 XL
753 3577 782 3664 ),
796 3601 861 3666 qua
871 3577 1068 3646 damnantur
1085 3583 1179 3646 exilio
1197 3583 1269 3647 Cal·

363 3685 518 3773 purnius,
536 3683 673 3748 Albinus
691 3701 723 3748 et
742 3685 908 3773 Opimius;
925 3687 1031 3775 (ibid.
1051 3710 1083 3752 n.
1101 3687 1155 3774 7).

319 3789 450 3880 Oppido
456 3789 568 3854 Vaccae
579 3788 763 3878 presidium
775 3792 965 3881 imponitur.
974 3794 1087 3882 Pugna
1098 3793 1139 3857 ad
1148 3792 1267 3858 llumen

363 3895 506 3962 Muthul.
523 3895 632 3976 Zama,
646 3895 784 3963 obsidio.
802 3899 968 3986 Equestris
985 3921 1095 3988 pugna
1108 3899 1196 3987 apud
1208 3901 1271 3965 Sie-

361 4025 442 4068 cam.
454 4003 576 4068 Relicta
592 4004 697 4066 Zamae
713 4003 881 4070 obsidione
893 4004 1041 4070 Metellus
1057 4006 1090 4069 in
1106 4007 1267 4093 provincia
