2938 4654
536 348 543 390 l

249 443 323 527 ndo
511 440 550 509 C.
579 439 754 510 CRISPI
782 439 1063 511 SALLUSTII

247 588 282 642 et
304 575 338 642 in
360 596 400 642 ea
425 586 537 667 parte,
557 597 623 668 qua
648 548 825 662 site⁸erat,
847 598 959 643 arcem
978 573 1072 669 regni
1094 571 1230 640 nomine
1251 565 1317 641 Za-

247 703 358 768 mam,
384 679 498 750 statuit
518 704 736 776 oppugnare;
758 694 849 750 ratus
868 680 919 769 id,
943 679 1033 775 quod
1054 681 1226 774 negotium
1245 702 1319 774 pos·

248 786 361 874 cebet,
386 787 586 882 Jugurthom
617 786 844 858 laborantibus
876 789 944 858 suis
971 785 1092 857 auxilio
1123 801 1317 874 venturum,

249 894 360 988 ibique
381 892 530 990 prelium
549 894 629 964 fore.
646 895 690 963 At
712 893 783 982 ille,
804 919 876 989 quae
896 894 1119 990 parabantur,
1135 917 1155 962 a
1171 892 1317 988 perfugis

249 999 404 1089 edoctus,
423 1002 550 1096 magnis
572 1001 744 1071 itineribus
763 1000 937 1071 Metellum
963 1003 1156 1071 antevenit:
1176 998 1318 1096 oppida·

249 1131 310 1177 nos
331 1107 644 1197 lrortatur,'moenia
663 1107 859 1194 defendant;
883 1107 1001 1176 additis
1020 1107 1141 1176 auxilio
1157 1106 1318 1202 perfugis,

249 1213 339 1310 quod
358 1239 462 1311 genus
483 1240 524 1284 ex
546 1216 649 1312 copiis
672 1217 776 1310 regis,
796 1217 872 1310 quia
892 1213 1005 1284 fallere
1025 1211 1236 1309 nequibant',
1258 1212 1317 1282 fir·

249 1323 443 1391 missumum
466 1348 473 1390 :
493 1337 652 1417 praeterea
675 1321 864 1417 pollicetur,
889 1323 923 1390 in
951 1336 1101 1418 ternpore
1119 1334 1223 1391 semet
1241 1345 1318 1390 cum

249 1431 396 1498 exercitu
423 1428 547 1500 adfore.
585 1432 638 1498 Ita
671 1431 862 1525 compositis
891 1428 1017 1516 rebus,
1046 1430 1080 1497 in
1114 1426 1187 1498 loca
1220 1451 1317 1522 quarn

249 1549 408 1605 maxum·
427 1535 558 1606 occulte
579 1534 732 1623 discedit,
753 1561 792 1606 ac
812 1551 889 1631 post
907 1534 1019 1630 paullo
1041 1536 1229 1630 cognoscit,
1245 1536 1317 1603 Ma·

250 1645 337 1710 rium
353 1667 395 1710 ex
412 1643 527 1712 itinere
543 1641 798 1712 frumentatum²
815 1668 892 1712 curn
907 1644 1022 1738 paucis
1037 1641 1231 1712 cohortibus
1250 1641 1318 1710 Sic-

250 1773 324 1820 cam
341 1751 495 1836 missurn,
507 1749 597 1844 quod
612 1749 772 1845 oppidum
786 1752 932 1848 primum
945 1751 1093 1819 omniurn
1107 1762 1184 1845 post
1198 1745 1320 1818 malam

250 1839 417 1952 pugnam³
443 1856 485 1926 ab
514 1881 592 1952 rege
618 1855 795 1927 defecerat.
822 1859 873 1928 Eo
898 1881 975 1926 cum
994 1855 1129 1926 delectis
1154 1855 1320 1950 equitibus

250 1977 353 2032 noctu
381 1965 509 2058 pergit,
533 1979 567 2034 et
591 1964 660 2057 jam
688 1964 931 2060 egredientibus
953 1949 1143 2053 Romanis⁴,
1170 1964 1320 2058 inposta

249 2093 397 2166 pugnam
428 2069 537 2139 facit:
568 2070 665 2140 simul
697 2096 818 2167 magna
846 2095 929 2141 voce
950 2073 1119 2140 Siccenses
1150 2069 1323 2156 hortatur,

250 2179 300 2246 uti
321 2177 476 2247 cohortes
499 2177 541 2246 ab
560 2193 656 2274 tergo
676 2180 961 2249 circumveniant:
985 2177 1153 2247 fortunam
1172 2174 1321 2271 praeclari

251 2283 407 2354 facinoris
422 2309 535 2355 casum
554 2283 643 2354 dare.
663 2287 698 2356 Si
713 2285 746 2354 id
765 2285 918 2372 fecerint,
933 2299 1047 2380 postea
1063 2309 1133 2354 sese
1148 2285 1183 2351 in
1200 2307 1320 2378 regno,

250 2390 322 2461 illos
340 2394 374 2460 in
393 2390 546 2462 libertate
564 2394 634 2462 sine
653 2407 744 2462 metu
763 2407 894 2462 aetatem
910 2406 1051 2462 acturos.
1072 2395 1121 2460 Ac
1142 2391 1176 2458 ni
1193 2391 1319 2458 Marius

250 2499 345 2592 signe
364 2483 504 2568 inferre⁵
520 2513 620 2594 atque
636 2499 776 2570 evadere
790 2499 950 2596 oppidum
965 2499 1224 2594 properavisset,
1237 2521 1318 2592 pro·

292 2729 355 2782 Cir.
366 2729 438 2780 LVI.
452 2727 613 2798 Quiaselle're
625 2728 762 2799 nequibant.
808 2728 1114 2801 egressus-Catmong.
1124 2745 1161 2782 rr:
1172 2729 1321 2800 «Quinqua-

251 2808 365 2880 Propter
376 2821 477 2860 metum
488 2808 626 2880 supplicii,
638 2809 661 2860 si
671 2809 699 2860 in
713 2810 765 2860 llo·
808 2821 857 2860 tum
867 2810 1037 2878 autlrgmatum
1047 2807 1173 2862 videntur
1180 2809 1227 2860 ire.
1242 2833 1253 2854 ι
1265 2807 1320 2862 en-

250 2905 392 2940 manorum
402 2905 495 2940 manus
503 2888 633 2941 venirent.
645 2889 726 2959 Atqui
736 2889 764 2940 in
807 2907 865 2954 aar,
875 2889 930 2942 Bel.
944 2889 1012 2942 Gall.
1027 2907 1083 2954 vn,
1099 2889 1135 2959 73
1148 2907 1155 2941 :
1171 2889 1319 2940 =Eratuno

250 2967 397 3037 transfugas
424 2965 604 3020 crudelissime
636 2968 764 3039 supplicia
807 2981 928 3040 tempore
943 2981 970 3022 et
989 2973 1112 3021 materiari
1131 2980 1159 3022 et
1174 2970 1320 3036 snorentarr'

251 3047 489 3101 constituebantur.
506 3047 601 3100 Narrat
617 3047 678 3098 Val.
692 3047 763 3100 Max.
807 3066 919 3102 necesse.
932 3073 944 3094 ι

252 3146 291 3194 rr,
308 3145 342 3196 7,
359 3127 505 3198 uanslugss
520 3145 535 3180 a
550 3127 584 3192 Q.
606 3127 688 3179 Fabio
708 3146 764 3180 nra·
850 3129 875 3182 3.
888 3128 950 3180 Post
957 3129 1045 3180 mulam
1052 3147 1168 3199 pugnem.
1177 3127 1242 3192 Qun
1251 3145 1321 3180 cour-

250 3208 330 3261 nibus
351 3219 486 3260 uunmtos
506 3225 607 3273 esse3a
627 3207 764 3278 superiore
807 3209 952 3261 missaerat
967 3209 1036 3261 inter
1049 3221 1169 3260 montem
1181 3221 1208 3260 et
1221 3206 1319 3260 flumen

250 3288 391 3352 Africano,
409 3288 482 3343 cruci
501 3287 593 3342 affixos
612 3299 658 3358 put
677 3288 762 3340 securi
807 3288 924 3342 Muthul.

250 3385 404 3441 percussoa;
419 3369 540 3439 objectos·
557 3368 620 3421 feris
640 3367 672 3420 ab
692 3368 764 3420 Μή·
848 3375 876 3432 4.
907 3368 964 3420 lam
993 3369 1167 3438 egredientibus
1197 3368 1319 3420 Romanis.

250 3467 317 3502 cano
333 3449 450 3514 minore;
466 3448 667 3519 elephantorum
686 3446 764 3518 pedi·
807 3446 911 3520 Nempe
921 3467 954 3502 ex
963 3450 1030 3502 urhe
1039 3449 1124 3514 Sicca,
1136 3465 1191 3520 quo
1205 3448 1323 3500 frumen·

249 3529 300 3583 bns
316 3529 488 3582 substratoar
503 3529 534 3580 L.
549 3527 631 3581 Paulo
644 3527 764 3580 AEroilio.
807 3540 891 3581 tatum
910 3529 1021 3582 iverant.

251 3608 332 3664 Unde
342 3609 393 3662 hoc
406 3625 512 3679 qnoque
525 3620 611 3679 patet,
622 3627 703 3678 penes
713 3608 763 3660 im·
849 3610 874 3662 5.
890 3609 971 3678 Signa
985 3611 1082 3676 diserte.
1096 3609 1129 3659 In
1145 3625 1202 3662 earn
1217 3618 1322 3678 partem

250 3703 399 3760 peratorem
414 3688 555 3740 arbitrium
574 3705 659 3758 poeno
674 3688 762 3742 fuisse.
806 3687 879 3758 signa
895 3689 1092 3753 inserebantur,
1108 3688 1137 3740 in
1158 3705 1238 3760 quarn
1253 3687 1323 3740 ecies

293 3789 317 3823 2.
335 3770 525 3822 Frumentatum.
541 3767 709 3820 Frumentari
724 3778 764 3819 est
806 3767 984 3822 convertenda
995 3781 1058 3822 erat.
1071 3768 1171 3834 Cesar,
1183 3767 1238 3821 Bel.
1250 3765 1321 3822 Gall.

244 3853 392 3918 fruinensem
412 3847 466 3901 suis
484 3843 668 3900 advehendum
688 3846 763 3898 colli·
804 3855 864 3914 tiri,
878 3852 934 3919 67:
950 3875 961 3896 ι
974 3849 1002 3902 Si
1023 3867 1075 3920 quo
1093 3849 1123 3901 in
1142 3860 1218 3920 par-te
1236 3847 1323 3900 nostri

249 3949 319 4002 gere.
345 3929 388 3982 sic
412 3926 510 3980 dicitur
534 3928 634 3998 aquari,
652 3943 762 3997 aquam,
805 3927 926 3980 laborare
934 3941 979 3982 aut
987 3930 1092 4000 marius
1102 3925 1323 4000 premivideban·

250 4011 342 4079 lignun·
351 4021 377 4061 er
390 4009 527 4069 materiari,
544 4006 647 4076 lignum
660 4024 762 4076 quere·
806 4019 866 4073 tur,
882 4026 914 4060 eo
929 4013 1001 4078 signa
1015 4010 1100 4076 inferri
1112 4009 1213 4072 Cesar,
1224 4007 1322 4061 aciem-

250 4105 287 4141 re.
301 4089 353 4142 Inf.
369 4087 478 4184 XClll:
495 4113 506 4134 ι
522 4087 621 4142 Castris
636 4097 762 4156 aquatum
806 4105 858 4158 que
868 4089 985 4141 converti
995 4089 1112 4160 jubebat.
1125 4115 1137 4135 ι
1149 4085 1259 4159 Oppido
1271 4087 1324 4160 igi·
