2938 4654
564 363 870 481 Jueuurun(
1170 415 1243 489 305

187 561 240 617 tus
266 547 432 641 accipere3
454 543 513 614 sed
538 569 576 614 ea
604 548 859 640 properantius,
889 571 988 640 quam
1010 571 1053 616 aes
1073 563 1245 636 mutuum,

188 653 343 740 reddere,
356 653 425 747 ipse
442 649 483 718 ab
505 649 596 719 nullo
614 667 782 746 repetere,
794 653 897 746 magis
918 653 952 721 id
973 651 1140 743 laborare,
1153 672 1192 726 ut
1202 657 1247 726 illi

187 785 286 854 quiam
304 757 436 855 plurimi
452 757 633 826 deberent:
645 758 720 851 joca
734 773 833 852 atque
851 759 935 828 seria
951 785 1028 829 cum
1046 760 1248 834 humillumis

187 891 307 962 agere:
328 867 361 932 in
379 861 561 958 operibus²,
585 865 620 932 in
639 865 769 958 agmine
791 878 889 958 atque
911 865 952 934 ad
974 865 1102 962 vigilias
1123 869 1247 941 multus

187 973 320 1042 adesse:
342 995 447 1065 neque
464 971 611 1057 interim,
625 970 713 1063 quod
735 994 838 1065 prava
857 972 994 1041 ambitio
1013 972 1116 1062 solet,
1129 1001 1247 1047 consu·

188 1078 226 1148 lis
244 1093 302 1148 aut
312 1079 503 1172 cujusquam
518 1076 597 1146 boni
611 1076 730 1145 samam
747 1074 879 1162 laedere3
894 1081 1126 1149 tantummodo
1141 1107 1247 1178 neque

188 1185 350 1273 consilio,
378 1209 483 1277 neque
515 1207 617 1250 manu
644 1185 788 1276 priorem
816 1181 915 1252 alium
946 1187 1043 1279 pati;
1074 1185 1247 1284 plerosque

188 1293 399 1360 antevenire:
421 1291 492 1385 quis
511 1289 608 1360 rebus
627 1288 720 1358 brevi
740 1291 849 1360 Mario
866 1287 1088 1386 militibusque
1109 1289 1272 1366 carissus

186 1422 260 1467 rnus
278 1397 391 1468 factus.
946 1451 949 1458 .
1249 1403 1251 1406 ’

239 1505 379 1576 XCVII.
393 1505 437 1572 At
446 1502 806 1598 iugurtha‚postquam
823 1505 981 1599 oppidum
997 1508 1140 1601 Capsam
1153 1506 1248 1578 alios-

187 1635 252 1704 que
273 1609 362 1679 locos
386 1603 530 1678 munitos
547 1623 579 1676 et
600 1609 661 1678 sibi
678 1609 792 1694 utiles,
810 1609 905 1678 simul
921 1626 954 1680 et
976 1637 1130 1706 magnam
1148 1639 1248 1708 pecu-

185 1719 274 1785 niam
288 1718 457 1802 amiserat3
468 1715 511 1782 ad
519 1715 689 1784 Bocchum
703 1718 843 1786 nuncios
855 1719 973 1804 mittit,
988 1743 1088 1812 quam
1103 1721 1245 1815 primum

185 1823 219 1890 in
249 1823 439 1893 Numidiam
459 1823 569 1916 copias
592 1820 798 1890 adduceret:
821 1821 924 1918 praelii
948 1823 1091 1894 faciundi
1117 1840 1247 1922 tempus

184 1929 308 1999 adesse.
336 1929 445 2018 Quem
467 1928 523 1996 ubi
547 1929 694 1996 cunctari
716 1931 864 2022 accepit,
886 1929 1024 1998 dubium
1050 1929 1127 2000 belli
1149 1948 1248 2028 atque
1301 1947 1304 1953 “

185 2037 277 2130 pacis
294 2037 436 2104 rationes
454 2031 624 2117 trahere¹;
644 2059 776 2120 rursus,
791 2036 839 2102 uti
853 2049 966 2121 antea,
982 2061 1163 2130 proxumos
1176 2039 1247 2132 ejus

184 2142 281 2210 donis
298 2142 498 2235 corrumpit;
517 2141 644 2234 ipsique
659 2141 779 2208 Mauro
797 2137 972 2234 pollicetur
988 2142 1154 2211 Numidiae
1167 2169 1246 2240 par-

182 2263 252 2318 tem
270 2250 420 2337 tertiam,
439 2248 466 2316 si
487 2259 544 2315 aut
564 2247 706 2315 Romani
726 2245 838 2316 Africa
859 2244 1002 2341 expulsi,
1020 2262 1095 2336 aut,
1111 2252 1246 2345 integris

181 2357 250 2425 suis
271 2353 407 2440 finibus,
421 2352 544 2421 bellum
561 2353 778 2446 compositum
797 2352 889 2421 foret.
903 2355 953 2420 Eo
968 2356 1103 2446 praemio
1121 2355 1247 2426 illectus

182 2461 335 2530 Bocchus
356 2485 432 2530 curn
451 2481 570 2553 magna
591 2457 801 2526 multitudine
817 2457 1016 2552 iugurtham
1039 2461 1174 2532 accedit.
1196 2465 1248 2532 Ita

183 2566 358 2646 amborum
386 2567 531 2636 exercitu
558 2565 763 2658 conjuncto,
786 2566 931 2632 Marium
958 2565 1026 2657 jam
1052 2568 1086 2634 in
1108 2568 1247 2640 biberna

183 2673 467 2770 proficiscentem,
485 2673 540 2740 vix
560 2671 687 2742 decima
709 2684 803 2766 parte
821 2671 874 2740 die
891 2670 1015 2766 reliqua
1023 2669 1045 2760 ²,
1063 2674 1244 2744 invadunt:

185 2885 198 2908 ι
212 2860 306 2914 Multis
320 2859 472 2922 orantibus,
480 2857 537 2910 aliis
546 2857 617 2910 ultro
628 2875 689 2928 ego·
736 2853 769 2908 ad
778 2856 879 2908 bellurn
886 2893 893 2923 ,
900 2867 958 2909 tum
969 2869 1027 2928 quta
1037 2856 1071 2910 ed
1081 2877 1172 2930 pacem
1183 2853 1245 2914 hin·

182 2951 238 2992 met
249 2957 328 3011 opem
339 2939 398 2991 tuli.
411 2963 423 2984 ι
437 2969 478 2980 --
489 2939 568 2989 Eam,
585 2937 688 2989 reddere.
734 2947 862 2988 tenentur.
879 2937 986 2988 Dubium
997 2940 1078 3009 junge
1088 2957 1150 2992 cnm
1163 2942 1243 2994 nube.

181 3018 303 3072 Gratiam
327 3019 427 3089 accepti
450 3015 571 3070 beneficii
596 3035 692 3088 prope·
735 3032 772 3076 re,
786 3033 840 3068 non
851 3033 913 3068 oum
927 3019 1097 3088 sequentibus
1109 3013 1241 3091 genitivis.

137 3129 140 3137 ι
181 3099 285 3152 rantim
297 3099 529 3168 referebat,quam
537 3094 625 3149 debite
636 3113 692 3148 ere·
734 3095 777 3146 Sic
786 3093 1079 3166 supra,XCHl:aneiru
1090 3101 1240 3152 trademur·

182 3177 265 3232 ditos-i
278 3179 390 3249 pecunia
405 3177 524 3229 solvitur.
540 3207 581 3218 -
602 3176 637 3228 tle
654 3175 693 3227 illi
734 3179 813 3226 animo
822 3195 873 3227 suo.
886 3173 962 3227 Adde
972 3175 1035 3228 hnic
1046 3177 1174 3247 locutioni
1185 3179 1240 3232 hae.

181 3259 359 3332 quamplurimi
367 3257 483 3308 dierunt.
491 3255 562 3308 Nota
571 3253 691 3307 dativum
733 3271 792 3305 rere
803 3254 939 3306 notionem
949 3255 1089 3322 drffimndi,
1098 3271 1124 3309 et
1137 3271 1240 3332 tempus

182 3337 220 3390 ilii
227 3377 235 3400 ,
261 3338 308 3390 ubi
326 3337 461 3408 vulgatior
483 3353 546 3388 usus
566 3336 691 3405 poscebat
733 3331 895 3385 consulendo
907 3335 1055 3403 proterendi.
1064 3367 1105 3378 -
1117 3337 1160 3389 Uti
1168 3351 1239 3390 aurea

183 3417 236 3470 ribi.
730 3431 858 3482 proxumos
872 3415 922 3482 ejus
936 3413 1006 3464 donis
1020 3421 1155 3486 comrmpit.
1169 3415 1239 3470 Vide

227 3511 253 3544 a.
263 3497 293 3543 In
301 3496 417 3566 operibus.
430 3497 463 3546 In
474 3506 620 3547 castrorum
630 3509 690 3543 mu·
733 3509 791 3562 sup.
807 3491 918 3543 LXXX.
926 3493 1067 3565 —lpsique
1075 3493 1174 3548 Mauro.
1183 3497 1238 3568 Ipsi

183 3571 288 3624 uitione
299 3584 326 3624 et
335 3575 427 3642 ceteris
435 3573 536 3626 milities
547 3571 689 3624 laboribus.
733 3570 847 3623 Booebo.

183 3681 224 3693 —
236 3649 331 3702 Multae
343 3652 436 3705 aderat
457 3652 569 3705 Strenue
583 3663 610 3704 et
622 3669 690 3722 stupe
776 3659 806 3702 π(
824 3651 852 3700 V
849 3653 875 3700 ix
891 3649 982 3702 &eima
994 3665 1065 3723 parre
1079 3653 1119 3705 die
1138 3654 1236 3726 reliqua.

182 3728 689 3801 aepiussderat.Debeeloeutiouevide
734 3727 805 3781 Vide
818 3729 927 3800 quidde
942 3731 993 3785 boc
1003 3733 1119 3804 genitivo
1130 3733 1171 3786 die
1181 3733 1237 3788 die·

182 3827 281 3880 supra,
293 3810 445 3864 LXXXIV.
733 3821 791 3861 tum
801 3809 849 3872 sit,
862 3811 964 3875 L11‚n.
983 3831 1006 3864 1.
1020 3811 1188 3866 Seiretamen
1199 3827 1237 3868 st·

225 3889 290 3942 Cn.
304 3889 460 3946 xcv11.‚1.
473 3889 538 3940 Belli
544 3901 616 3960 utque
622 3892 691 3959 paris
733 3889 801 3941 tinet
813 3888 993 3955 Gmnovium
1009 3904 1036 3944 et
1051 3909 1112 3944 eum
1126 3911 1159 3946 eo
1171 3894 1237 3950 Gor·

184 3972 289 4020 rationes
304 3969 403 4020 nudem.
419 3969 509 4021 Dubio
521 3968 611 4020 animo
625 3985 691 4038 pon·
733 3967 816 4028 tium,
830 3985 879 4020 nm
890 3971 996 4022 ablativi
1015 3989 1092 4024 sensu
1104 3973 1238 4044 eoeipeoe,

183 4045 278 4100 deme
287 4059 315 4098 et
322 4061 416 4119 putare
423 4048 539 4100 rationes
546 4084 554 4112 ,
562 4059 620 4100 tum
632 4063 690 4118 qun
733 4044 785 4097 sie:
796 4047 825 4098 V
823 4050 860 4107 it,
872 4048 962 4100 ductim
967 4061 1041 4120 purte
1050 4045 1155 4123 (quoad
1166 4051 1237 4107 deci.

1011 4181 1057 4228 20
