2916 4630
224 336 271 434 78
480 335 517 402 C.
547 330 721 402 CRISPI
749 331 1028 400 SALLUSTII

221 468 264 536 ab
284 463 527 538 adolescentulo
547 466 676 534 Caesare
692 449 704 487 ⁸
725 463 832 534 victus
851 461 1051 534 discesserat.
1080 464 1147 532 Res
1173 479 1286 535 autem

221 569 432 669 opportuna⁹
449 570 644 657 videbatur;
660 569 750 664 quod
763 570 916 665 privatim
928 570 1060 665 egregia
1076 568 1287 662 liberalitate,

220 678 351 774 publice
370 679 532 746 maxumis
552 677 743 746 munoribus
764 675 923 771 grandem
943 677 1117 771 pecuniam
1135 675 1285 748 debebat.

221 784 287 856 Sed
301 785 359 854 ubi
376 781 544 854 consulem
561 783 604 852 ad
619 797 748 852 tantum
767 783 892 853 facinus
911 781 1079 878 impellere
1100 798 1288 877 nequeunt,

209 892 281 986 ,ipsi
306 889 494 987 singulatim
514 890 771 978 circumeundo,
790 877 889 985 atque
908 889 1137 978 ementiundo,
1157 914 1229 986 quae
1251 913 1287 959 se

221 1023 262 1068 ex
281 997 456 1068 Volturcio
477 1013 536 1068 aut
556 997 788 1093 Allobrogibus
808 995 936 1066 audisse
950 993 1114 1082 dicerent,
1131 1019 1286 1090 magnam

188 1197 192 1204 .
221 1103 267 1172 illi
286 1104 443 1174 invidiam
464 1103 710 1194 conflaverant;
731 1127 834 1199 usque
855 1126 914 1190 co,
934 1115 973 1170 ut
993 1100 1143 1170 nonnulli
1162 1104 1287 1196 equites

221 1213 371 1300 romani,
391 1213 448 1306 qui
467 1211 608 1307 praesidii
623 1233 736 1280 caussa
752 1233 829 1278 cum
844 1206 916 1276 telis
931 1222 1025 1275 erant
1041 1209 1165 1276 circum
1182 1208 1286 1276 aedem

136 1393 137 1398 .
222 1317 503 1406 Concordiae,seu
514 1315 652 1411 periculi
662 1312 970 1409 magnitudine,seu
980 1313 1080 1382 animi
1091 1311 1287 1382 nobilitate¹‘

221 1421 372 1520 impulsi,
382 1448 448 1518 quo
467 1421 611 1492 studium
628 1421 773 1490 suumin
789 1415 1025 1512 rempublicam
1044 1415 1161 1487 clarius
1181 1433 1288 1508 esset,

221 1529 401 1622 egredienti
416 1551 458 1596 ex
474 1541 590 1596 senatu
606 1525 728 1594 Caesari
743 1523 852 1620 gladio
868 1525 1098 1594 minitarentur
1115 1522 1147 1590 ¹¹.

276 1636 313 1700 L.
342 1634 433 1700 Dum
452 1631 524 1700 baec
545 1633 579 1698 in
600 1645 714 1700 senatu
729 1645 874 1726 aguntur
886 1628 909 1720 ¹,
925 1643 959 1700 et
973 1629 1053 1700 dum
1069 1629 1183 1726 legatis
1197 1628 1287 1700 Allo·

220 1737 363 1832 brogum
386 1751 421 1806 et
446 1737 522 1806 Tito
548 1735 743 1826 Volturcio,
765 1737 981 1833 comprobato
1008 1761 1124 1806 eorum
1149 1735 1288 1826 indicio,

221 1845 356 1938 praemia
377 1843 601 1913 decernuntur
614 1870 623 1932 ;
638 1843 765 1932 liberti,
781 1858 815 1913 et
835 1846 933 1939 pauci
948 1867 988 1912 ex
1009 1841 1181 1912 clientibus
1201 1845 1287 1912 Len-

221 1949 300 2039 tuli,
315 1949 451 2021 diversis
466 1951 636 2020 itineribus
652 1950 787 2046 opifices
805 1963 904 2045 atque
924 1951 1056 2018 servitia
1072 1951 1107 2018 in
1128 1947 1229 2019 vicis²
1245 1949 1288 2018 ad

222 2176 309 2217 catum
335 2163 455 2236 petierat.
476 2163 593 2216 Narrant
612 2162 684 2216 enim
705 2159 734 2214 in
778 2179 840 2215 vere
862 2159 1018 2228 Suetonius,
1035 2164 1223 2232 profusissimam
1242 2161 1289 2212 lar·-

222 2243 392 2298 Caesarisrita
402 2243 536 2296 Plutarch.
544 2256 571 2296 et
581 2241 734 2308 Suetonius,
777 2247 900 2311 gitioaem.

221 2337 329 2376 mortuo
344 2321 452 2376 Metello
466 2323 593 2394 pontifice
606 2323 734 2388 maximo,
821 2339 862 2374 to.
876 2320 963 2374 Amirni
974 2321 1105 2374 madditoto.
1125 2320 1289 2384 Excelsitate,

223 2401 736 2474 Caesarem,nonsineprolusissimalar-
777 2399 968 2472 magnitudine.
992 2399 1094 2454 Eodem
1115 2417 1193 2452 sensu
1217 2397 1289 2470 apud

221 2484 337 2553 gitione,
355 2479 509 2553 pontificem
531 2493 649 2534 creatum
663 2499 733 2545 esse,
777 2479 858 2534 ovid.
869 2481 977 2533 Metam.
990 2499 1049 2548 arr,
1061 2485 1115 2544 46:

221 2561 379 2632 posthabitis
392 2560 541 2614 clarissimis
551 2560 616 2612 virle
631 2573 657 2613 et
668 2559 736 2612 mul·
791 2567 837 2605 Non
848 2580 869 2605 ea
879 2567 963 2608 amitus
972 2567 1034 2606 anino
1044 2576 1085 2614 eat,
1094 2579 1116 2604 ea
1126 2565 1186 2617 gratia
1194 2563 1274 2612 tom,

222 2653 279 2691 turn
296 2651 370 2692 atate
386 2639 569 2710 superantibus
587 2639 622 2703 Q.
639 2639 734 2692 Catulo
791 2626 907 2666 utonem
920 2627 1016 2668 “¹⁸³⁸'‘

222 2729 248 2770 et
262 2718 372 2770 Servilio
392 2716 516 2770 Isaurico.
535 2715 569 2770 Id
590 2717 648 2788 ipso
664 2736 734 2770 anno
801 2716 1291 2772 11.Gladommumemmfloctaetum

221 2796 410 2868 conjurationis
424 2797 582 2850 factumest.
777 2807 816 2849 est
826 2815 859 2848 eo
869 2794 913 2850 die
927 2817 982 2869 quo
996 2797 1112 2852 damnati
1125 2810 1187 2852 suut
1199 2800 1291 2870 conju·

264 2881 290 2932 8.
307 2875 350 2928 Ab
366 2875 540 2927 adolescentulo
556 2873 661 2928 Cosas-e.
680 2876 734 2942 Qui
777 2877 836 2930 rati.
851 2878 884 2930 ln
902 2891 994 2930 senatu
1009 2877 1111 2932 sedenti
1125 2878 1178 2931 hoc
1192 2878 1289 2932 Casani

222 2953 331 3010 vixdum
353 2973 445 3009 xxxvii
465 2973 547 3008 annos
564 2967 657 3021 natus,
673 2973 735 3008 cum
778 2955 997 3010 accidissenarrat
1006 2958 1159 3024 Suetonius,
1169 2977 1225 3028 cap.
1232 2975 1288 3012 xrv.

224 3035 319 3088 Catulo
337 3048 518 3108 comparatus,
531 3033 681 3088 adolescens
692 3035 734 3090 ri·
778 3033 830 3088 Sed
851 3037 1022 3104 Plutarchus,
1040 3039 1069 3091 in
1090 3040 1208 3105 Caesnre,
1228 3055 1290 3090 cum

222 3113 282 3167 deri
297 3127 408 3186 poterat.
778 3114 899 3169 Sallustio
914 3117 1052 3172 consentit.

265 3215 291 3264 9.
308 3195 384 3248 lies...
398 3206 538 3266 opportuna.
556 3195 617 3266 Ipsa
630 3213 672 3248 res
686 3213 736 3266 op·
819 3196 882 3250 cn.
903 3198 935 3250 L.
962 3217 988 3250 r.
1012 3199 1079 3250 Dum
1101 3199 1152 3250 lsoeo
1176 3211 1289 3268 agnensis

223 3287 366 3348 portunam
375 3276 503 3329 Caesarem
514 3273 653 3329 accusandi
662 3293 736 3328 occa·
778 3273 874 3328 Omnia
897 3277 953 3330 haec
973 3277 1054 3330 trium
1081 3275 1185 3330 dierum
1205 3277 1291 3349 spatio

223 3357 323 3410 sionem
346 3357 464 3428 praebere
485 3353 641 3421 videbatur,
662 3353 736 3427 quod
777 3367 848 3426 gesta
856 3357 1022 3410 summersis
1030 3371 1091 3410 ante
1098 3375 1181 3412 nonas
1189 3355 1293 3410 decem·

223 3437 282 3503 ille,
294 3449 351 3490 tum
366 3440 463 3506 egregio
479 3435 506 3488 in
520 3436 639 3508 privatos
651 3435 736 3486 labos·
778 3435 848 3501 bris,
869 3435 1026 3508 deprehensi
1048 3451 1075 3490 et
1096 3439 1124 3489 in
1143 3434 1291 3490 custodiam

223 3517 303 3583 litote,
314 3530 370 3569 tum
377 3513 571 3588 magnificentia
586 3517 614 3566 in
623 3515 735 3586 publicis
778 3513 869 3568 traditi
882 3515 962 3571 duces
981 3517 1186 3589 conjurationis;
1200 3512 1290 3585 pridie

224 3597 368 3657 muneribus,
383 3594 411 3648 id
427 3607 479 3659 est,
494 3592 578 3658 ludis,
592 3613 657 3665 qua,
671 3605 736 3648 teste
778 3613 860 3648 nonas
880 3597 987 3667 praemia
1009 3595 1140 3650 indicibus
1161 3591 1293 3659 decretu

224 3675 481 3742 Plutarcho,omnes
494 3671 581 3726 {ediles
589 3674 735 3746 superavit,
778 3676 856 3729 nonis
866 3695 930 3730 vero
941 3672 977 3740 (5
995 3671 1143 3738 decembr.)
1159 3673 1293 3744 conjurati

224 3773 258 3808 ses
264 3757 379 3810 alienum
386 3751 485 3827 gande
491 3751 736 3818 conflaverat,ideo-
778 3757 866 3809 allecti
880 3757 1019 3829 supplicio.
1032 3753 1103 3810 Vide
1119 3753 1175 3808 Cic.
1188 3755 1217 3806 in
1233 3753 1292 3808 Cat.

223 3851 275 3904 que
291 3855 420 3890 novarum
439 3851 543 3899 rerum,
558 3845 585 3885 et
606 3851 735 3886 novarum
779 3837 863 3902 1v‚.'¹l.

224 3917 369 3983 presertim
376 3915 539 3979 tabularum,
547 3927 672 3984 appetens
681 3931 735 3967 esse
821 3935 845 3968 a.
858 3916 887 3968 Iu
899 3919 968 3969 utcu.
979 3918 1009 3968 V
1006 3922 1055 3970 icus
1067 3928 1107 3970 est
1115 3915 1158 3968 via
1169 3915 1196 3967 in
1210 3913 1294 3977 urbe,

224 3993 388 4048 credebatur.
401 3995 488 4049 Vocat
500 4005 587 4046 autem
600 3993 735 4046 Sallustius
779 4014 794 4048 e
821 4013 905 4068 greco
929 3989 1008 4064 oleos,
1030 3995 1145 4062 domus,
1169 3993 1232 4066 quia
1259 3993 1295 4048 sit

224 4077 344 4142 egregiam
364 4073 546 4141 liberalitatem,
559 4071 633 4146 quod
654 4073 751 4144 megis'
779 4080 849 4127 series
860 4075 988 4128 domorum.
