2910 4666
240 343 317 463 aaa
477 381 516 446 c.
544 377 728 446 cnisrr
755 377 1052 447 ssssusrn

291 485 394 569 Cato³
417 502 544 570 romani
569 501 697 595 generis
718 499 961 569 disertissumus
983 499 1087 570 multa
1109 501 1222 594 paucis
1244 497 1299 568 ah

239 603 344 674 solvit.
363 607 497 677 Servius
516 621 551 675 et
566 608 696 677 Acron.

290 699 449 782 Fannius⁴
468 737 555 781 vere.
575 716 778 782 Victorinus„

290 819 362 886 Nos
379 820 413 886 in
428 833 519 888 tanta
540 817 816 888 doctissumorum
837 817 1010 888 hominum
1033 819 1138 912 copia.
1157 819 1297 888 Servius.

292 925 410 1018 Neque
421 949 475 994 me
484 925 614 994 diversa
624 909 720 1022 pars⁵
733 927 768 994 in
778 922 928 994 civilibus
946 927 1045 995 armis
1061 924 1168 994 movit
1181 947 1297 992 avero.

239 1027 405 1100 'Ansam

293 1136 398 1206 Nobis
411 1137 525 1231 primae
535 1121 763 1207 dissensione?
771 1138 852 1206 vitio
863 1137 999 1208 humani
1011 1137 1133 1232 ingenii
1142 1159 1299 1222 evencrc3

242 1242 331 1336 quod
354 1245 481 1338 inquies
503 1258 600 1338 atquc
622 1243 837 1332 indomitum,
855 1269 984 1338 semper
1006 1245 1040 1312 in
1059 1243 1237 1312 certamine
1258 1240 1299 1309 li-

241 1350 400 1440 bertatis,
423 1364 481 1418 aut
505 1349 635 1444 glorias,
658 1365 715 1418 aut
739 1349 971 1419 dominationis
994 1351 1071 1445 agit.
1093 1351 1299 1417 Prisoannns.

294 1457 381 1524 Nam
396 1456 607 1551 aprimordio
621 1456 711 1526 urbis
724 1455 766 1524 ad
780 1454 903 1525 bellum
918 1455 1023 1525 Persi⁷
1036 1455 1298 1525 Macedonicum.

242 1560 347 1632 Idem.
1273 1638 1276 1646 ¹

295 1670 361 1736 Res
376 1690 514 1735 romana
530 1665 709 1762 plurimum
727 1668 864 1762 imperio
884 1667 1001 1756 valuit,
1016 1670 1086 1737 Ser.
1106 1663 1252 1761 Sulpicio
1269 1679 1302 1734 et

243 1774 291 1842 Μ.
311 1759 489 1842 Marcello⁸
504 1799 605 1863 coss,
620 1776 710 1842 omni
726 1771 833 1844 Gallia
852 1776 899 1844 cis
918 1775 1094 1861 Rhenum,
1110 1775 1302 1867 atqueinter

242 1903 334 1948 mare
350 1893 519 1968 nostrum,
537 1893 635 1974 atque
654 1883 845 1965 Oceanum,
865 1883 927 1950 nisi
940 1905 1012 1976 quae
1027 1904 1047 1948 a
1065 1878 1239 1974 paludibus
1254 1881 1300 1946 in·

243 1986 296 2054 via
317 1985 397 2072 fuit,
417 1985 609 2080 perdomita.
631 1989 787 2081 Optumis
804 2001 914 2056 autem
934 1986 1080 2056 moribus
1098 1999 1132 2054 et
1149 2008 1301 2054 maxuma

244 2091 421 2160 concordia
443 2094 511 2187 egit
530 2091 671 2187 popuius
693 2119 774 2162 rom.
793 2095 878 2162 inter
900 2092 1079 2162 secundum
1106 2106 1205 2185 atque
1223 2115 1299 2186 pos-

244 2212 385 2267 tremum
403 2197 525 2267 bellum
543 2200 823 2293 Carthaginiense.
844 2203 880 2270 V
878 2205 1006 2269 ictorin.
1019 2215 1056 2267 et
1065 2199 1249 2292 Angustia.

297 2307 343 2374 At
355 2304 518 2374 discordia
526 2304 551 2392 ⁹,
566 2321 599 2374 et
613 2309 768 2395 avaritia,
784 2321 882 2402 atque
897 2307 1052 2393 ambitio,
1070 2319 1104 2374 et
1124 2319 1233 2374 cetera
1249 2328 1299 2372 sc·

289 2499 315 2552 3.
333 2499 405 2552 Cato.
417 2499 560 2553 Censorius
572 2501 679 2554 scilicet.
688 2498 753 2554 vid.
797 2500 977 2553 minatione.»
998 2497 1050 2552 Hic
1065 2499 1113 2551 tria
1132 2498 1231 2568 tangit,
1246 2513 1302 2568 quc

249 2579 277 2632 in
291 2579 390 2645 Bruto,
404 2597 461 2650 cap.
477 2597 548 2641 xm,
557 2578 623 2651 quid
638 2580 672 2633 de
684 2581 755 2632 iliius
798 2581 910 2634 maxime
929 2579 1050 2632 homines
1069 2575 1202 2630 discordia
1220 2575 1303 2646 exagi-

250 2659 399 2730 eloqnentia
412 2657 484 2712 dicat
497 2659 600 2712 Cicero.
798 2671 870 2724 tant,
890 2671 918 2712 et
939 2661 967 2712 in
997 2671 1120 2711 mutuum
1141 2666 1303 2728 componunt

291 2739 444 2802 i.Fannius.
453 2739 483 2792 C.
495 2737 757 2803 Fanniuntmliisa-
798 2739 915 2793 exitium.

248 2817 345 2889 picatis
351 2817 621 2888 genes-,historiarum
629 2818 755 2890 scriptor,
840 2837 867 2889 7.
882 2820 960 2872 Persi.
977 2815 1049 2870 Vide
1067 2835 1125 2890 quse
1140 2815 1174 2868 de
1188 2816 1242 2869 hoc
1261 2833 1304 2886 ge·

250 2895 358 2967 dequo
377 2896 499 2949 meminit
514 2899 626 2964 Cicero,
645 2895 678 2950 ad
701 2899 756 2952 Att.
798 2899 883 2952 nitivo
896 2896 1241 2964 notavimus,Catil.L1‚9.
1255 2896 1304 2948 Ce-

251 2976 301 3047 Ep.
318 2993 373 3044 ¹11,
393 2977 425 3042 ⁵3
442 2975 505 3029 item
524 2977 552 3030 in
570 2978 668 3042 Bruto,
684 2995 755 3031 xxvi.
799 2992 887 3032 terum
900 2991 931 3032 ut
943 2977 1004 3032 sall.
1021 2976 1089 3030 dixit
1103 2977 1200 3038 Perses,
1221 2975 1303 3034 Persi,

251 3087 293 3098 -
303 3055 334 3108 In
346 3067 452 3108 tanto...
465 3059 541 3126 copie.
552 3057 639 3128 loqui
651 3054 758 3110 videtur
799 3059 835 3112 ita
849 3058 943 3112 Cicero
962 3075 1084 3128 quoque,
1104 3056 1235 3116 Isocrates,
1253 3055 1305 3106 Iso·

251 3133 286 3188 de
301 3135 424 3188 omnibus
438 3135 470 3188 iis
482 3135 529 3206 qni
544 3136 681 3190 historiam
697 3149 758 3190 ante
799 3141 875 3204 crati,
888 3138 939 3208 Ep.
955 3135 988 3188 ad
1000 3139 1055 3189 Att.
1073 3153 1112 3201 rs,
1129 3153 1158 3199 ις
1173 3147 1202 3187 et
1224 3133 1305 3186 muln

252 3233 279 3267 se
294 3215 511 3286 conscripserant.
686 3273 688 3276 ,
800 3218 850 3270 elie
869 3217 966 3289 passim
984 3215 1100 3287 ejusdem
1121 3215 1221 3266 sonna.
1238 3215 1305 3265 Item

294 3294 320 3348 5.
335 3295 438 3346 Diversa
446 3293 697 3368 pers.1dest,quod
709 3315 757 3368 ego
800 3297 884 3350 Phua
907 3293 977 3348 nud.
994 3313 1005 3348 ι
1021 3335 1029 3363 ,
1047 3313 1081 3362 1,
1100 3299 1115 3357 i
1132 3312 1139 3346 ε
1156 3292 1302 3364 Euripides,

254 3372 364 3427 diversas
379 3375 461 3446 pertis
475 3394 566 3430 essem
801 3377 924 3446 Euripidi.
937 3375 972 3428 Et
985 3376 1087 3437 Varro,
1108 3371 1142 3426 de
1153 3373 1184 3425 1..
1201 3373 1234 3425 L.
1248 3389 1305 3436 vn,

293 3457 321 3508 6.
336 3454 413 3506 Nobis
423 3458 509 3526 prinis
522 3455 683 3508 dissensiones.
696 3455 759 3510 Hac
801 3455 879 3510 docet
888 3457 915 3508 in
925 3473 974 3506 usu
983 3473 1038 3507 esse
1045 3467 1184 3523 utramque
1195 3450 1304 3523 genitivi

253 3552 314 3606 pers
323 3533 374 3586 fuit
386 3536 521 3606 prooemii,
531 3555 585 3607 quo
598 3555 698 3603 mores,
707 3547 758 3589 sta·
801 3537 927 3601 immam,
939 3535 1052 3586 Herculis
1064 3545 1091 3585 et
1101 3531 1213 3584 Herculi.

253 3627 311 3667 tum
326 3613 458 3680 civitatis,
482 3615 647 3687 formamque
668 3615 758 3687 reipu·
842 3617 868 3670 8.
884 3615 966 3669 Servio
980 3613 1088 3685 Sulpicio
1096 3625 1120 3664 et
1130 3611 1168 3664 M.
1179 3608 1305 3663 Marcello.

252 3693 344 3760 hlicoe,
354 3695 388 3746 ab
400 3693 466 3747 urbe
477 3693 598 3760 condita,
608 3695 757 3766 attingebat.
802 3697 930 3751 Consules
943 3695 1051 3747 fuerunt
1062 3711 1131 3745 enno
1145 3691 1180 3744 U.
1195 3692 1226 3744 C.
1241 3689 1307 3761 7⁰3.

253 3771 355 3826 Eodem
370 3773 519 3845 pertinent,
532 3792 590 3845 quc
603 3787 757 3846 sequunnn.
801 3809 841 3820 -
853 3773 1146 3846 Intersscnndumatque,
1162 3771 1308 3825 etclnter·

254 3875 294 3887 -
310 3853 413 3925 inquies.
435 3853 595 3924 Inquietum.
610 3887 651 3896 —
666 3855 695 3907 In
709 3875 759 3905 cer·
802 3855 900 3908 vallum
915 3855 967 3908 hoc
985 3855 1036 3907 LII
1048 3871 1178 3906 sanorum
1193 3850 1260 3916 tuit,
1276 3849 1309 3901 ah

255 3933 616 4004 tamine....agit.Perpetuum
627 3945 758 3986 certamen
804 3951 875 3987 enno
889 3934 958 3998 553,
972 3951 1055 4005 usque
1069 3931 1102 3986 sd
1118 3931 1185 3986 60⁵.

255 4011 336 4064 hahet
350 4011 384 4064 ds
396 4013 532 4080 libertate,
545 4011 642 4084 glorie,
655 4027 700 4066 ant
712 4009 760 4066 do-
843 4031 870 4082 9.
880 4013 919 4067 Aa
928 4013 1056 4066 discordia
1070 4011 1148 4066 Coni.
1158 4011 1221 4084 ing.
1232 4009 1311 4076 ΧΠ,
