2950 4646
527 421 530 428 ·
555 391 846 464 JUGURTHA.
1164 421 1231 492 ¹7¹

175 553 284 618 sume,
298 551 502 624 quamquem
515 527 575 597 tibi
589 531 785 618 immaturo,
800 543 834 600 et
847 527 936 600 unde
950 528 1096 599 minume
1107 529 1238 620 decuit,

173 637 240 706 vita
258 651 373 730 erepta
394 650 460 720 est;
478 649 590 706 tanen
609 634 786 706 ietandnm
804 638 925 733 magis,
942 659 1042 733 qiitm
1059 635 1238 710 dolendum

174 758 255 839 puto
276 768 390 813 casum
413 757 532 811 tuum:
555 768 624 812 non
645 746 733 812 enim
751 769 910 840 regnum,
935 743 992 814 sed
1014 743 1239 840 sugam,exsi·

174 849 271 938 lium,
282 864 462 945 egestatem
484 864 518 919 et
537 875 652 920 omnes
669 851 749 940 hes,
765 877 839 946 quae
859 875 913 920 me
931 866 1105 948 premunt,
1121 877 1239 922 serum·

173 981 232 1028 nas
258 983 337 1028 cum
357 959 469 1026 anima
490 955 589 1026 mmul
610 959 753 1028 amisisti.
776 961 821 1028 At
841 981 904 1053 ego
925 959 1063 1046 infelix,
1087 961 1121 1027 in
1148 973 1241 1030 tanta

175 1064 261 1134 incia
287 1065 511 1161 praecipitatus
534 1089 575 1134 ex
596 1067 704 1161 patrio
731 1089 855 1160 regno,
881 1089 991 1134 rerum
1018 1067 1241 1136 humanarum

174 1172 401 1268 spectaculum
417 1171 549 1267 proebeo
562 1197 570 1240 τ
585 1173 729 1242 incertus
748 1171 828 1267 quid
844 1195 958 1267 agam,
973 1188 1090 1242 tuasne
1104 1175 1241 1268 injurias

174 1303 369 1376 persequar,
385 1281 456 1374 ipse
477 1277 587 1348 auxilii
608 1303 724 1375 egens3
745 1303 789 1348 an
810 1303 914 1374 regno
935 1278 1126 1367 consulam,
1146 1280 1241 1373 cujus

175 1388 251 1454 vitre
266 1389 421 1481 necisque
442 1399 587 1481 potestas
602 1409 644 1456 ex
659 1387 778 1483 opibus
795 1385 907 1456 alienis
934 1387 1056 1482 pendet
1065 1384 1086 1454 i*
1101 1385 1240 1456 Utinam

173 1491 309 1562 emori²¹
326 1493 467 1562 fortunis
481 1495 562 1563 meis
575 1494 734 1564 honestus
750 1496 857 1564 exitus
875 1509 974 1581 esset;
990 1519 1055 1562 neu
1073 1518 1152 1563 vere
1166 1517 1242 1563 con-

173 1615 295 1670 temtus
310 1597 485 1689 riderer²²,
501 1602 543 1688 si,
556 1599 702 1672 defessus
716 1601 830 1690 maiis,
843 1602 970 1695 injurie
982 1603 1216 1672 concessissem
1232 1625 1240 1669 ε

172 1732 262 1777 nunc
280 1731 388 1802 neque
403 1709 515 1778 vivere
533 1705 640 1796 lubet,
653 1733 760 1804 neque
781 1711 867 1778 mori
886 1709 962 1779 licet
980 1711 1050 1778 sine
1069 1707 1240 1778 dedecore.

173 1815 287 1885 Patres
317 1816 515 1910 conscripti,
543 1839 604 1910 per
634 1837 715 1903 vos,
736 1841 796 1912 per
818 1816 938 1886 liberos
960 1831 1058 1912 atque
1088 1829 1241 1911 parentes

173 1936 300 1992 vestros
311 1973 322 2010 ,
334 1947 395 2017 per
413 1922 618 2016 majestatem
637 1922 752 2018 populi
770 1925 916 2010 romoni,
929 1923 1100 1992 subvenite
1121 1925 1242 1992 misero

172 2131 333 2203 alioquim
345 2133 437 2204 sicque
451 2145 478 2186 et
491 2131 613 2186 interne
627 2131 685 2203 pie·
728 2151 775 2184 neu
789 2133 845 2186 hec
861 2131 1077 2184 antecedentibus
1088 2132 1193 2202 jungit5
1212 2121 1241 2184 π’

172 2212 231 2264 tatis
240 2213 355 2284 imagine
364 2226 453 2267 movet
461 2213 563 2268 animos
572 2209 684 2265 audien·
728 2213 791 2284 quia
806 2229 838 2266 ex
847 2207 995 2272 nerium(ut
1005 2223 1063 2264 tum
1075 2207 1239 2274 scribebant)

171 2291 255 2358 tium,
269 2303 297 2345 et
310 2311 369 2346 suas
383 2293 527 2366 amplificat
538 2310 683 2357 erumnas,
729 2291 832 2343 fecilior
843 2291 956 2343 mutatio
967 2291 995 2343 in
1010 2294 1132 2351 mutirem
1142 2279 1242 2361 3⁰quit

171 2385 285 2425 mortem
305 2373 393 2425 fratris
416 2391 469 2426 suae
490 2373 553 2426 vitre
573 2385 684 2444 antepo-
728 2369 1240 2442 vereprojureeleganterdicitur.Plaut.

172 2451 269 2507 nudo.
291 2485 331 2496 —
352 2453 422 2506 Unde
439 2455 533 2506 minime
550 2453 637 2506 decuit.
661 2455 684 2504 A
728 2451 805 2522 Cspt.
821 2470 847 2516 v,
866 2469 899 2516 2,
915 2469 931 2521 7
948 2467 956 2504 ι
975 2475 987 2498 ι
1000 2449 1053 2503 Sed
1068 2469 1153 2522 neque
1167 2469 1239 2510 vere,

172 2550 226 2604 quo
239 2533 349 2586 minime
364 2531 454 2585 decuit
471 2532 520 2584 tibi
534 2533 616 2585 vitem
631 2533 684 2585 eri·
726 2549 814 2604 neque
822 2543 894 2584 recte
902 2529 989 2584 adhuc
997 2531 1080 2584 iecisti
1091 2549 1238 2602 unquam.»

171 2611 209 2682 pi.
229 2611 299 2665 Unde
311 2612 382 2665 enim
395 2609 429 2665 de
443 2613 563 2684 personis
576 2630 683 2683 quoque
727 2610 820 2664 Horat.
835 2611 918 2683 Epist.
935 2629 959 2676 1,
975 2629 1009 2681 7,
1024 2630 1060 2681 97
1074 2629 1080 2663 :

173 2689 281 2746 dieitur,
301 2691 343 2745 Sec
356 2693 414 2745 Liv.
431 2709 492 2759 m,
512 2709 564 2744 10:
581 2717 592 2739 e
604 2690 686 2745 Unde
726 2695 1242 2750 Matnnqnmqsemmdnloeepednmec

169 2773 211 2842 jus
225 2772 326 2838 stebet,
340 2773 366 2824 ei
381 2771 520 2825 victoriam
535 2769 640 2827 dedit.»
728 2773 782 2826 Nos
804 2789 866 2844 ergo
886 2789 1015 2844 reponere
1030 2791 1086 2824 non
1106 2767 1241 2824 dubiteri-

213 2871 258 2905 αι.
277 2851 376 2905 Utinam
393 2857 473 2905 enimi.
488 2853 599 2906 Utinam
612 2871 684 2906 mors
727 2869 786 2906 mus
799 2871 844 2904 neu
858 2871 922 2906 vere.
938 2852 1007 2905 Nem
1019 2869 1101 2924 quum
1115 2865 1242 2923 queretur

167 2933 273 2999 sortiaris
286 2937 357 2994 meis,
369 2931 398 2984 id
411 2945 467 2999 est,
479 2933 538 2984 mihi
547 2953 575 2984 ea
580 2935 684 3001 fortene
727 2932 862 2986 Adherbal
884 2933 934 2986 sibi
953 2951 1008 2986 uon
1030 2931 1110 2985 licere
1129 2931 1240 2984 honeste

172 3015 259 3073 utenti,
272 3013 414 3066 honestum
429 3013 528 3066 exitum
544 3011 682 3086 penderet.
727 3011 1134 3086 mori,ceusernejusreistatim
1145 3011 1242 3066 aiierre
1353 3055 1356 3063 s

212 3111 258 3145 te.
280 3093 336 3146 Nee
356 3111 414 3144 vere
434 3105 563 3145 contemtus
579 3093 682 3145 φίλων.
728 3091 964 3158 debet‚nevanum
973 3092 1153 3146 affirmaverit.
1161 3091 1241 3164 Atqui

173 3171 282 3226 Utinam
289 3191 346 3226 non
354 3175 450 3226 merito
459 3191 473 3225 s
482 3171 498 3226 J
500 3171 614 3245 ugurtha
623 3191 685 3226 con·
727 3173 783 3226 hec
792 3191 868 3226 causa
877 3185 916 3227 est
924 3192 930 3226 :
939 3171 1024 3246 quod,
1035 3173 1056 3226 si
1064 3185 1178 3226 mortem
1191 3171 1240 3225 sihi

172 3263 287 3324 temptes
304 3254 385 3306 fuisse
400 3252 519 3321 viderer,
532 3255 554 3306 si
568 3251 685 3307 defessus
727 3255 912 3318 conscisceret,
922 3253 1025 3324 injurie
1033 3251 1127 3305 cedere
1133 3269 1242 3324 perma-

172 3332 342 3398 melis,iilios
362 3335 467 3404 injurie
484 3335 684 3400 concessissem,
727 3334 815 3386 lorum
835 3333 1043 3403 impatientiam,
1054 3331 1166 3401 ideoque
1182 3333 1242 3401 jure

172 3412 253 3465 ritem
268 3411 463 3484 relinquendo!
479 3415 598 3467 Obvium
613 3414 685 3468 hunc
728 3429 758 3465 ee
772 3413 867 3464 merito
881 3429 895 3463 e
908 3411 1039 3482 Iugurtha
1053 3409 1242 3475 contemni,ut
1302 3429 1308 3440 ·

172 3509 276 3546 tarsum
288 3511 356 3545 unus
366 3491 454 3547 adhuc
463 3492 531 3547 vidit
541 3495 682 3556 Dottert'iie,
729 3493 853 3565 mntem,
865 3489 1010 3542 videretur.
1026 3519 1067 3531 -
1080 3489 1153 3542 Nunc
1168 3507 1242 3563 neque

151 3601 154 3607 ·
174 3589 254 3644 quum
276 3573 354 3626 multi
371 3572 408 3626 de
431 3575 560 3628 hocloco
582 3573 686 3627 infinite
728 3577 807 3625 rivere
818 3571 889 3624 tiber.
902 3569 1241 3642 Nuncnequeritnmeju·

174 3649 352 3707 dissemerint.
371 3655 477 3706 Erroris
491 3671 585 3721 conse,
601 3665 686 3706 textus
728 3665 908 3725 vet,propter
924 3651 1155 3720 miseriarumque
1172 3649 1242 3703 mori

174 3731 201 3784 in
220 3734 357 3807 plerisque
373 3733 448 3786 MSS.
468 3745 610 3806 comptus
626 3735 686 3787 :Ne
728 3733 790 3786 licet
798 3733 855 3786 sine
863 3731 1002 3799 dedecore,
1010 3731 1150 3802 quiamors
1159 3730 1241 3782 enimi

173 3815 250 3864 vivere
265 3823 396 3866 contemtus
403 3815 507 3867 viderer.
523 3812 574 3867 Sed
586 3813 686 3867 Gruter
729 3814 805 3866 melis
814 3811 908 3866 defessi
919 3811 1048 3866 indicium
1059 3812 1135 3863 foret.
1145 3809 1241 3882 Opere

174 3889 200 3944 in
222 3912 277 3947 uno
304 3891 396 3949 codice
424 3895 526 3947 invenit
548 3915 593 3946 neu
613 3913 685 3959 νοω
728 3894 844 3967 pretium
859 3907 898 3947 est
918 3889 1142 3956 animadvertere,
1160 3901 1189 3943 nt
1208 3891 1240 3944 iis

174 3965 265 4028 Wnsse
277 3975 306 4028 in
317 3973 370 4028 alio
380 4013 388 4042 ,
399 3976 490 4044 nejsre
502 3993 509 4028 :
521 3973 615 4028 eodem
626 3993 685 4028 sen·
729 3975 843 4028 maxime
860 3973 949 4027 verbis
964 3969 1089 4026 timidum
1105 3971 1241 4043 ingenium

175 4069 211 4107 tu.
227 4053 281 4109 Sed
295 4067 403 4126 prestet
422 4075 468 4107 nes
487 4073 560 4120 sem
582 4045 610 4110 1⁰
623 4055 685 4126 quie
729 4053 845 4127 prodet,
869 4052 941 4109 unde
967 4050 1119 4106 constantie
1143 4053 1240 4106 samam
