2910 4666
138 339 140 348 '
226 339 300 436 370
621 341 898 408 SALLUSTII

275 472 405 542 Liberis
421 475 491 566 ejus
508 469 693 541 avunculus
711 486 790 540 erat.
807 473 969 542 Donatus
984 473 1036 542 od
1047 475 1281 548 Phormionem

227 581 381 650 Terentii.
1088 574 1089 581 '

274 683 366 754 Nihil
397 684 441 753 ob
475 677 601 754 tantam
632 683 818 754 mercedem
849 685 911 754 sibi
947 686 1151 758 abnuituros.
1179 691 1281 758 Arus.

222 795 367 862 Messns.

274 901 433 967 Insanum
442 897 536 966 aliter
545 883 556 922 ⁸
566 922 626 966 sun
639 899 817 982 sententia,
835 912 934 993 atque
948 899 1085 970 aliarum
1097 899 1282 970 mulierum.

225 1005 353 1078 (barre.
378 1005 449 1074 Lib.
466 1007 483 1073 I
504 1029 511 1072 :
535 1005 651 1074 Aliter
663 1029 734 1099 pro
756 1005 857 1074 altor.

279 1115 408 1182 Recens
418 1113 681 1206 scripsiDonat.
693 1112 828 1181 Plzorm.
843 1113 929 1200 ΑΝ,
940 1113 991 1182 Sc.
1008 1136 1084 1182 v111.
1100 1114 1231 1186 citare.
1243 1115 1285 1183 II.

276 1217 360 1288 Solis
378 1220 447 1288 viis.
467 1220 597 1287 Donat.
614 1219 752 1287 Phorm.
772 1220 865 1305 ΑΝ,
884 1219 935 1288 Sc.
958 1243 1035 1288 vm.

273 1328 373 1396 Iussu
386 1323 513 1394 Metelli
523 1378 537 1422 ,Ι
544 1325 726 1394 cornicines
739 1324 991 1394 occanuerunt⁹.
1008 1329 1135 1413 Prisc„
1154 1327 1227 1396 Lib.
1244 1330 1285 1396 X.

225 1435 384 1518 Servius,
402 1434 448 1500 ΙΙ.
470 1435 592 1526 Georg.
612 1435 706 1526 Virg.
722 1431 877 1500 Diomed.
894 1433 966 1502 Lib.
982 1435 1010 1500 1.
1028 1458 1056 1501 c.
1073 1437 1106 1518 Δ.

276 1541 401 1608 Nexnit
418 1553 543 1607 catenae
560 1538 670 1606 modo.
691 1540 798 1607 Prisc.
823 1537 897 1608 Lib.
919 1541 961 1608 X.

276 1646 406 1716 Doctus
424 1643 586 1713 militiam.
609 1647 713 1715 Ano.
738 1649 882 1714 Mersus.

277 1753 394 1846 Neque
413 1775 448 1820 se
466 1752 612 1845 recipere
630 1767 689 1820 aut
707 1753 869 1820 instruere
887 1750 1000 1846 praelio
1018 1753 1163 1846 quivere.
1185 1757 1290 1822 Prisc.

229 1857 302 1928 Lib.
326 1861 371 1926 X.

278 1967 365 2058 Equi
389 1965 460 2033 sine
489 1978 617 2033 rectore
643 1965 790 2034 exterriti
814 1979 872 2032 aut
900 1966 1000 2034 saucii
1028 1980 1291 2036 consternantur.

228 2071 354 2158 Idem,
381 2070 453 2140 Lib.
478 2073 538 2140 IV.

280 2180 538 2274 Occupatusque
565 2175 691 2246 collis¹⁰
718 2175 927 2246 editissumus
949 2176 1038 2272 apud
1062 2177 1237 2249 Hilerdam
1262 2193 1294 2247 et

229 2311 305 2356 cum
321 2283 426 2355 multa
447 2308 550 2378 opera
569 2281 782 2352 circumdata.
806 2287 973 2353 Priuerno.
997 2284 1068 2353 Lib.
1089 2287 1131 2354 V.

281 2395 326 2462 At
342 2390 418 2460 inde
441 2390 530 2459 nulla
552 2391 747 2458 munitionis
767 2403 825 2458 aut
843 2393 957 2484 requie
975 2388 1116 2477 mora¹¹,'
1134 2393 1296 2486 processit

230 2498 463 2600 adfoppidum.
484 2501 591 2566 Prisc.
616 2497 687 2565 Lib.
703 2497 847 2566 XVIII:
867 2499 996 2592 Requie
1013 2521 1080 2593 pro
1098 2503 1243 2592 reqru'm.

232 2731 290 2762 nen.
304 2709 386 2760 Furta
398 2707 461 2760 belli
475 2719 552 2759 vocet
566 2723 625 2776 que
646 2705 740 2758 furtim
784 2705 929 2778 componite
943 2707 1024 2760 verbe
1039 2707 1067 2760 in
1079 2707 1154 2761 MSS.
1167 2709 1295 2782 reperiri,

233 2803 278 2844 aut
289 2807 337 2860 per
354 2785 461 2839 insidias
474 2786 503 2837 in
516 2785 586 2838 bello
602 2797 739 2856 geruntur.
784 2786 813 2839 in
828 2787 924 2857 quibua
939 2787 1031 2839 uocalis
1044 2806 1099 2840 non
1114 2800 1244 2844 mutatur.
1257 2791 1295 2842 Ex

233 2869 326 2926 Silius.
342 2885 417 2930 ιιιι,
434 2884 471 2935 9⁰
488 2883 496 2917 ι
785 2865 837 2918 boc
850 2885 962 2919 numero
977 2879 1017 2920 ert
1031 2867 1163 2937 intellego,
1178 2881 1236 2922 tam
1250 2888 1295 2923 ee-

232 2950 741 3008 Adgreditunlurtumumorumtuuutlbuumbrir.
784 2963 819 3016 pe
840 2945 964 3000 Stlllssllo
986 2961 1161 3019 mmmmm,
1183 2969 1236 3021 pm
1258 2953 1294 3002 ig.

233 3029 285 3082 llic
305 3024 339 3079 de
361 3023 490 3096 Pompeio
511 3023 597 3093 agitur
619 3021 743 3076 adversus
786 3026 876 3096 retir'go.

234 3107 381 3162 Sertorium
392 3105 516 3157 bellante.
529 3104 569 3155 De
580 3103 625 3156 Br.
640 3121 677 3170 ιι,
694 3104 741 3166 48.
829 3124 873 3160 ιο.
893 3105 1075 3179 Occrqoaturque
1089 3107 1165 3158 collis.
1180 3109 1224 3160 Ab
1236 3107 1296 3160 ffir-

277 3190 304 3242 8.
325 3187 439 3239 Insanum
456 3183 534 3236 aliter.
552 3183 627 3236 Uxor
647 3181 743 3254 Lepidi
786 3185 1001 3251 tuleio,Sert0rii
1011 3187 1106 3258 legato.
1122 3187 1159 3238 De
1170 3187 1219 3242 Br.
1231 3189 1297 3240 Hire.

235 3261 743 3340 epistolis,quminvirimnnuelortuito
787 3284 825 3330 ιι,
843 3269 887 3320 18.

237 3345 388 3402 inciderunt
403 3341 481 3417 (sup.
506 3342 557 3412 3),
575 3341 609 3396 ed
628 3343 744 3396 moeeboe
830 3363 874 3398 ιι.
899 3345 977 3399 Nullo
999 3349 1136 3398 mnnr'tiom's
1155 3358 1200 3398 aut
1219 3349 1298 3420 requie

236 3447 298 3482 euos
317 3427 465 3490 scribebat,
479 3422 611 3496 Lepidum
625 3423 745 3494 alioquin
787 3445 862 3478 mom.
886 3425 941 3478 Iter
961 3444 1018 3478 non
1043 3439 1161 3479 moratus
1179 3425 1215 3480 ad
1238 3446 1297 3480 rnu-

221 3509 358 3561 'insanum
376 3517 403 3558 et
414 3505 465 3558 sibi
479 3516 505 3557 et
520 3505 576 3558 aliis
589 3504 745 3556 mulieribus
787 3503 884 3558 niendu
904 3519 1003 3570 cestra,
1022 3519 1067 3560 aut
1081 3503 1197 3558 dandum
1219 3506 1296 3560 militi

238 3587 331 3640 videri.
349 3586 409 3638 Huc
429 3603 535 3656 quoque
557 3584 690 3656 pertinere
703 3584 744 3636 vi·
787 3586 915 3656 requiem.
938 3617 978 3628 —
998 3586 1094 3658 Reqm'e.
1118 3587 1150 3642 In
1169 3586 1297 3658 genitivo.

237 3667 316 3720 detur
330 3665 451 3737 nuperius
464 3665 648 3735 fragmentum.
788 3697 827 3707 -
842 3666 970 3718 Processit.
990 3665 1121 3718 Metellus.
1137 3697 1177 3708 -
1193 3666 1242 3719 Ad
1257 3687 1298 3737 op·

279 3768 305 3818 9.
329 3745 504 3798 Oceanuemm.
519 3743 571 3796 Pro
584 3745 744 3796 occinnerrmt.
785 3745 879 3816 pidum.
889 3744 1153 3816 Lacobrignm‚unde
1166 3745 1299 3799 Sertorius

238 3827 352 3880 SicTec.
361 3827 431 3878 Anu.
447 3842 487 3889 ιι,
502 3826 534 3877 8ι
549 3839 555 3874 :
575 3822 665 3874 -Tum
679 3821 745 3875 Sen-
789 3825 872 3877 multe
884 3823 1007 3896 presidia
1020 3826 1134 3897 petebat.
1147 3825 1187 3877 De
1199 3827 1246 3879 Br.
1260 3843 1298 3888 ιι,

239 3908 290 3959 tius
314 3923 426 3957 occanere
451 3921 600 3956 comur.....
621 3902 710 3972 jumit3
730 3929 741 3949 ι
793 3921 838 3973 ¹9·
860 3937 891 3946 -
911 3905 1021 3958 Ardebat
1036 3909 1111 3958 omnis
1125 3907 1248 3978 Hr'sponio
1263 3907 1298 3955 ri·

237 4005 287 4056 pro
311 3988 423 4038 occinere.
444 3983 479 4036 Et
493 3994 652 4036 notaverunt
673 3979 747 4035 docti
791 3987 870 4038 terior.
884 3984 959 4038 Bello
974 3985 1093 4039 Sertorii.
