2950 4646
565 428 858 498 JUGURTHA.
1153 427 1227 501 213

216 561 307 630 XLI.
336 561 492 629 Ceterum
511 585 584 630 mos
601 561 745 655 partium
765 558 975 658 popularium
991 576 1024 630 et
1042 561 1144 631 senati
1159 562 1227 632 fac·
1246 603 1250 644 2

164 665 322 755 tionum¹‚
338 691 376 738 ac
391 665 509 736 deinde
527 669 675 736 omnium
690 666 854 737 malarum
870 669 1008 754 artium,
1022 670 1136 764 paucis
1151 683 1227 738 ante
1247 742 1250 753 ,

165 771 274 843 annis²
298 775 412 842 Romae
441 787 557 862 ortus,
578 775 647 843 otio
670 789 704 842 et
727 773 928 846 abundantia
955 799 1069 844 earum
1096 785 1251 864 rerum‚i

165 905 238 972 quae
258 882 365 975 prima
384 879 539 950 mortales
559 879 695 950 ducunt.
714 882 802 951 Nam
818 896 894 950 ante
913 882 1150 978 Carthaginem
1169 883 1229 952 de-

165 983 264 1054 letam
287 985 429 1082 populus
456 1002 490 1058 et
511 1003 643 1057 senatus
674 1011 831 1058 romanus
857 986 984 1082 placide
1016 989 1231 1084 modesteque

165 1094 252 1162 inter
270 1118 304 1162 se
326 1092 564 1189 rempublicam
595 1080 821 1165 tractabant³:
844 1119 950 1189 noque
972 1093 1103 1189 gloriae,
1124 1121 1232 1190 neque

165 1198 400 1269 dominationis
421 1215 589 1270 certamen
612 1203 698 1270 inter
715 1203 802 1274 cives
820 1215 912 1270 erat:
928 1216 1035 1270 metus
1053 1201 1180 1271 hostilis
1199 1205 1233 1269 in

164 1303 262 1375 bonis
293 1307 420 1378 artibus
443 1309 611 1377 civitatem
638 1307 810 1378 retinebat.
840 1307 903 1377 Sed
926 1307 982 1376 ubi
1005 1306 1059 1375 illa
1087 1307 1232 1376 formido

164 1413 331 1490 mentibus
348 1401 523 1503 decessit⁴3
538 1412 663 1486 scilicet
683 1439 743 1505 ea,
767 1439 840 1510 quae
858 1413 1014 1486 secundae-
1031 1439 1083 1485 res
1102 1430 1231 1498 amant,
1272 1473 1276 1484 .

205 1613 271 1668 Car.
281 1613 353 1667 XLI.
368 1632 392 1667 ι.
402 1612 569 1685 Mosparticm
577 1616 677 1686 popula·
721 1615 777 1668 ulta
788 1614 855 1680 rint,
862 1617 917 1686 jam
931 1613 1014 1680 dixit,
1025 1615 1102 1668 Catil.
1111 1613 1233 1686 X,quem

165 1695 226 1745 rim
239 1707 264 1744 et
272 1697 350 1746 senati
359 1697 504 1761 fractionum.
517 1695 609 1747 Multae
620 1695 678 1766 qui·
720 1695 809 1748 locum
821 1693 898 1762 vide;
912 1696 975 1749 item
986 1695 1108 1762 Florum,
1120 1712 1169 1759 ιιι,
1182 1713 1233 1758 ¹²3

166 1772 228 1826 dem
244 1793 258 1827 a
272 1773 359 1846 prima
369 1773 454 1845 plebis
464 1775 495 1855 in
507 1787 624 1827 montem
636 1793 677 1827 ee·
720 1775 877 1839 Lucanum,
891 1793 916 1840 ι,
939 1779 992 1829 ιδι
1015 1787 1041 1828 et
1061 1793 1132 1846 seqq.
1142 1793 1150 1840 ς
1162 1774 1232 1828 Vett.

164 1873 242 1907 crum
254 1855 398 1906 secessione
412 1873 494 1925 usque
508 1853 542 1906 ad
558 1868 677 1926 tempora
722 1871 761 1920 ιι,
776 1872 806 1920 ι,
820 1868 846 1908 et
858 1855 1004 1926 pracsertim
1019 1853 1231 1919 Tacitum,Hiat.

165 1933 366 2000 Gracchorum,
378 1947 443 1987 orte
456 1934 561 1986 fuerant
571 1935 678 2006 plebem
721 1951 761 1999 ιι,
775 1935 822 1998 38,
831 1935 877 1987 ubi
890 1931 962 1987 bunc
972 1936 1061 1988 locum
1072 1934 1219 1988 aemulatur.

69 2007 79 2032 '
165 2013 236 2066 inter
251 2027 278 2066 et
291 2025 411 2066 senatum
425 2012 608 2081 dissensionec.
626 2011 678 2066 Sed
762 2011 788 2065 3.
799 2014 901 2068 Placide
911 2013 1057 2085 modesteque
1067 2018 1129 2066 mter
1137 2034 1163 2065 se
1172 2032 1232 2066 rem·

163 2094 240 2148 lacile
265 2105 292 2146 et
313 2093 369 2146 tine
387 2095 513 2164 sanguine
533 2092 605 2146 civili
627 2111 679 2164 pax
717 2091 840 2164 publicam
857 2093 1000 2145 tractabant.
1015 2094 1133 2164 Populus
1148 2105 1177 2146 et
1193 2111 1233 2146 ee·

165 2173 376 2239 conciliabatur,
405 2172 520 2227 necdum
546 2171 678 2226 discordia
722 2185 798 2224 natus
821 2191 873 2230 una
895 2172 1085 2242 rempublicam
1108 2171 1235 2225 adminic-

134 2313 137 2318 ,
166 2252 294 2306 ordinum
309 2254 338 2305 in
353 2251 572 2307 consuetudinem
585 2266 611 2304 et
623 2246 693 2304 mo-'
722 2253 838 2309 trabant,
848 2250 978 2304 moderati
987 2251 1094 2324 utrique
1107 2265 1134 2305 et
1143 2270 1235 2324 pacem

165 2351 223 2386 rem
233 2345 358 2386 verterat.
373 2335 489 2387 Inraluit
501 2332 609 2386 demum
622 2351 680 2404 pee-
722 2332 792 2384 inter
806 2351 834 2386 ee
849 2345 962 2403 agentes.
973 2363 1014 2375 -·
1024 2331 1108 2402 Neque
1117 2333 1233 2403 gloriae...

167 2413 302 2466 eimusille
312 2425 428 2485 mcspoet
438 2413 625 2484 Carthaginem
632 2411 679 2465 de·
722 2423 840 2464 certamen
855 2416 917 2465 inter
931 2415 994 2482 ipsos
1008 2423 1068 2465 erat.
1082 2413 1115 2464 In
1126 2412 1233 2466 catilin.

166 2493 558 2550 letam-Facticnuml’lurali
567 2511 679 2548 numero
722 2493 794 2557 Vll,
816 2490 904 2550 dixit:
931 2491 1058 2545 «Gloriae
1080 2511 1234 2546 maxumum

167 2567 299 2636 uenerat,
311 2591 367 2625 non
379 2591 410 2626 ea
422 2586 526 2640 mente,
538 2572 680 2626 aldberct
722 2583 855 2625 certamen
868 2574 938 2626 inter
946 2572 1017 2643 ipsos
1031 2585 1095 2625 eret.
1107 2598 1118 2620 ι
1133 2570 1186 2625 Sed
1196 2573 1234 2625 ibi

167 2653 257 2726 plures
266 2653 347 2706 fuieae
357 2653 385 2706 in
397 2653 474 2726 plebe
481 2665 578 2725 partu,
591 2654 681 2726 plures
722 2671 814 2705 veram
828 2653 938 2725 gloriam
953 2653 1091 2724 intelligit,
1104 2671 1163 2726 quac
1178 2653 1234 2705 vir·

168 2734 196 2786 in
209 2745 303 2787 senatu
311 2735 433 2801 sactiones
445 2731 513 2788 >ced
528 2733 623 2806 saepius
635 2751 681 2786 co·
723 2745 780 2786 tute
789 2733 1234 2806 paratur3hicfaleamillam‚quam

168 2825 238 2867 ortas
259 2831 315 2867 ecee
331 2813 456 2868 adversus
470 2827 589 2868 cenatum
598 2825 680 2885 partes
724 2833 755 2866 er
768 2813 916 2867 bonoribus
929 2815 1009 2867 etiam
1019 2814 1087 2868 male
1096 2815 1179 2885 pertis
1190 2813 1236 2866 ha·

165 2895 306 2966 populares,
316 2895 567 2966 carpiueinsactr'cnes
573 2893 682 2948 coaluis-
723 2895 787 2947 bere
802 2913 830 2947 ee
845 2895 994 2948 existimant
1010 2893 1120 2947 laetiori.
1130 2927 1167 2938 -
1180 2893 1234 2946 Me·

169 2993 208 3040 te,
216 2972 605 3047 adversucplebem,cenatum.
613 2975 681 3026 Nam
725 2975 869 3028 aarum.
880 2975 950 3027 Flor.
959 2993 1008 3033 ιιι,
1021 2991 1084 3029 rau
1092 2975 1235 3028 Poenorum

169 3055 340 3125 sequentibus
350 3053 542 3120 ostendit‚non
551 3054 681 3107 intestinis
724 3053 841 3108 hostium
856 3055 997 3108 imminens
1012 3067 1097 3107 metue
1118 3051 1235 3124 discipli·

168 3133 319 3188 laborantes
338 3131 478 3188 discordiis
498 3136 540 3188 rel
561 3147 681 3188 cenatum
725 3153 787 3188 nam
800 3148 915 3188 veterem
932 3135 1113 3188 continebat.»

170 3214 211 3266 rel
221 3213 472 3288 plebem;aedbinc
480 3215 599 3286 plebem,
609 3215 682 3268 illinc
766 3221 793 3278 4.
811 3215 863 3268 Sed
883 3215 925 3266 ubi
941 3215 985 3265 illa
999 3214 1109 3282 formido
1122 3213 1236 3265 meatibus

170 3308 290 3348 cenetam
302 3295 402 3348 mutuis
414 3293 483 3350 odiis
494 3294 625 3348 hostiliter
639 3293 683 3347 de·
725 3296 831 3347 decessit.
845 3293 907 3346 Non
922 3294 1008 3346 colum
1023 3294 1174 3354 varietatis,
1190 3291 1236 3344 ced

170 3367 467 3428 aranee-tamnen
474 3375 683 3447 operaepretium
725 3374 804 3428 etiam
815 3373 985 3446 proprietatis
1001 3372 1237 3439 mumscnntdinem

172 3451 241 3507 duco
260 3454 408 3508 Gruterum
422 3455 556 3520 refellere,
570 3455 616 3526 qui
635 3453 682 3508 ad·
726 3451 800 3508 dixit.
811 3452 926 3505 Formido
932 3451 1003 3504 enim
1012 3452 1148 3504 notionem
1158 3451 1237 3504 babet

170 3530 226 3587 dita
238 3546 316 3606 putat
332 3553 346 3586 a
362 3535 478 3590 librariis
489 3536 569 3588 rerba
580 3535 683 3605 popula·
726 3533 851 3586 terribilis
867 3531 976 3602 alicujus
986 3531 1075 3598 some
1090 3531 1172 3584 menti
1187 3532 1236 3584 ob·

172 3616 231 3665 rium
243 3625 269 3665 et
284 3617 365 3667 senati
371 3617 519 3682 faenerant,
529 3627 559 3667 ut
572 3615 684 3685 glossam
726 3613 861 3666 versantis.
876 3612 967 3664 Verbo
982 3611 1091 3673 decessit,
1101 3609 1169 3662 infra
1181 3627 1236 3662 res·

171 3694 242 3748 vocis
248 3699 356 3766 partium
363 3715 373 3755 ,·
381 3695 422 3747 rel
433 3695 569 3754 Cortium,
579 3695 626 3766 qui
637 3693 685 3747 eal·
726 3691 829 3765 pondet
848 3697 968 3744 incessere.
980 3723 1021 3734 -·
1029 3690 1133 3745 Scilicet.
1151 3689 1236 3742 Parti·

158 3784 224 3826 dem
230 3777 368 3841 factionum
379 3772 497 3829 recidere
511 3775 582 3828 velit.
727 3774 786 3828 cula
793 3770 943 3828 affirmandi
951 3783 979 3824 et
987 3772 1117 3824 rationem
1126 3767 1238 3823 redden·

213 3873 238 3906 c.
251 3855 343 3906 Paucis
357 3867 413 3905 cate
428 3858 506 3906 annis.
520 3855 611 3908 Deleta
626 3853 684 3908 fue·
727 3851 770 3920 di;
781 3852 856 3924 quati
865 3850 981 3905 diceret:
994 3877 1005 3899 ι
1016 3851 1087 3904 Tum
1098 3867 1162 3904 vero
1171 3891 1178 3915 ‚
1187 3868 1237 3903 nec

172 3945 212 3984 rat
223 3933 358 4005 Carthago
372 3937 405 3987 A.
420 3933 456 3986 U.
472 3934 503 3986 C.
519 3936 592 3999 608,
608 3933 684 3986 tunic
728 3931 756 3986 id
769 3933 868 3984 mirum
887 3945 941 3996 eat,
953 3929 1057 3984 lascivia
1073 3941 1099 3981 et
1114 3930 1238 4001 superbia

173 4023 231 4068 ante
239 4013 342 4066 bellum
354 4015 370 4064 J
372 4013 547 4085 ugurtbinum
562 4013 608 4067 35.
618 4013 685 4078 Qun
727 4013 864 4066 incusem.
874 4037 885 4058 ι
896 4012 1002 4064 Frustra
1011 4027 1074 4081 ergo
1083 4007 1166 4062 deleri
1175 4011 1239 4062 velit

172 4091 494 4157 interiommalaereraam
499 4093 684 4164 Carthaginem
729 4092 837 4147 Cortiua
847 4109 940 4146 rocem
952 4091 1054 4153 scilicet,
1067 4102 1093 4143 et
1104 4089 1163 4163 Bip.
1178 4109 1238 4144 mu·

989 4183 1054 4284 14³

1350 3677 1375 3736 J
