2938 4654
206 371 280 446 268
440 376 478 443 C.
511 374 688 444 CRISPI
714 373 997 442 SALLUSTII

257 504 337 599 Ejus
360 505 500 575 civitatis
523 504 635 598 lingua
654 503 753 572 modo
776 527 934 573 conversa
957 502 1121 572 connubio
1141 505 1260 571 Numi-

204 612 342 682 darum:
366 611 453 706 leges
472 610 644 704 cultusque
669 609 824 706 pleraque
842 593 1036 678 Sidonica⁵t
1060 634 1131 702 quae
1153 633 1193 677 eo
1213 609 1261 677 fa-

205 719 297 788 cilius
317 719 518 802 retinebant,
538 717 627 812 quod
651 716 766 811 procul
789 717 830 784 ab
848 717 987 810 imperio
1009 701 1112 810 regis6
1133 731 1262 786 atatem

204 825 354 919 agebant.
371 827 463 892 Inter
481 823 553 892 illos
571 839 605 892 et
624 824 829 918 frequentem
845 823 1035 892 Numidiam
1050 820 1145 892 multi
1163 823 1262 892 vasti·

204 956 268 1025 que
288 929 350 998 loci
372 945 474 1000 erant.

258 1054 497 1124 LXXIX-Sed
517 1055 673 1148 quoniam
693 1053 728 1120 in
746 1053 805 1120 has
825 1053 973 1146 regiones
995 1076 1054 1146 per
1073 1053 1263 1146 Leptitano·

204 1185 279 1228 rum
300 1163 430 1255 negotia
448 1163 624 1248 venimus;
647 1184 714 1226 non
735 1158 907 1252 indignum
929 1157 1078 1244 videtur,
1096 1161 1263 1252 egregium

204 1281 302 1360 atque
321 1264 468 1337 mirabile
487 1267 613 1336 facinus
634 1265 776 1334 duorum
798 1265 1117 1359 Carthaginiensium
1140 1290 1264 1332 memo-

203 1397 298 1442 rare:
313 1398 385 1442 eam
401 1399 471 1442 rem
490 1372 581 1442 locus
599 1372 780 1440 admonuit.
794 1371 871 1459 Qua
887 1384 1080 1466 tempestate
1093 1370 1263 1464 Carthagi-

204 1481 332 1548 nienses
343 1479 506 1574 pleraeque
517 1479 636 1548 Africae
648 1476 898 1572 imperitabant,
911 1481 1115 1571 Cyrenenses
1134 1501 1265 1570 quoque

204 1587 316 1678 magni
333 1600 430 1679 atque
446 1584 592 1680 opulenti
610 1584 710 1653 fuere.
727 1585 815 1678 Ager
833 1585 866 1651 in
885 1583 994 1653 medio
1011 1607 1185 1670 arenosus,
1198 1607 1265 1649 una

192 1693 332 1786 specie:
351 1717 458 1785 neque
476 1691 617 1778 llumen,
635 1715 741 1784 neque
760 1715 855 1758 mons
869 1705 953 1778 erat,
974 1691 1029 1784 qui
1051 1689 1131 1757 fines
1149 1713 1264 1756 eorum

205 1797 424 1884 discerneret3
438 1822 511 1891 quae
524 1823 575 1865 res
591 1822 647 1865 eos
664 1799 697 1865 in
712 1821 832 1890 magno
846 1796 1068 1890 diuturnoque
1078 1793 1164 1864 bello
1180 1797 1265 1862 inter

206 1929 240 1972 se
251 1903 377 1972 habuit.
392 1906 570 1998 Postquam
584 1905 749 1999 utrimque
763 1902 906 1996 legiones
917 1958 926 1990 ,
937 1905 1016 1971 item
1031 1901 1166 1986 classes,
1179 1925 1265 1996 saepe

205 2009 285 2078 lusae
302 2009 504 2105 fugataeque,
519 2025 553 2079 et
572 2009 665 2078 alteri
686 2009 805 2078 alteros
827 2009 1030 2103 aliquantum
1050 2009 1265 2090 attriverant;

205 2117 321 2202 veriti,
334 2142 376 2185 ne
389 2143 467 2186 mox
481 2118 584 2186 victos
595 2119 801 2210 victoresque
813 2115 957 2184 defessos
970 2114 1053 2184 alius
1067 2114 1266 2209 aggredere-

205 2237 277 2310 tur,
292 2247 353 2316 per
372 2223 520 2292 inducias
539 2225 747 2317 sponsionem
770 2223 975 2309 faciunt‚uti
991 2236 1081 2290 certo
1098 2221 1150 2287 die
1169 2219 1267 2312 legati

205 2328 305 2397 domo
330 2329 638 2422 proficiscerentur:
658 2355 724 2423 quo
748 2330 781 2395 in
807 2328 881 2396 loco
902 2329 988 2395 inter
1014 2353 1048 2396 se
1072 2326 1160 2394 obvii
1184 2327 1266 2393 luis·

206 2449 295 2522 sent,
310 2437 337 2503 is
352 2437 536 2503 communis
552 2437 723 2528 utriusque
738 2433 852 2528 populi
868 2433 942 2501 finis
957 2433 1144 2501 haberetur.
1161 2432 1268 2524 Igitur

206 2540 410 2633 Carthagine
440 2542 507 2609 duo
535 2540 653 2609 fratres
680 2542 791 2627 missi,
815 2539 935 2632 quibus
959 2563 1083 2606 nomen
1112 2535 1268 2606 Philaenis

207 2660 293 2733 erat,
307 2661 514 2714 maturavere
529 2648 589 2713 iter
605 2671 760 2740 pergere:
777 2649 983 2738 Cyrenenses
997 2644 1120 2712 tardius
1135 2645 1210 2711 iere.
1227 2641 1268 2710 Id

207 2749 398 2820 secordiane
409 2777 452 2820 an
464 2776 542 2820 casu
552 2752 850 2846 acciderit,parum
860 2752 1017 2846 cognovi:
1028 2763 1174 2819 ceterum
1185 2747 1269 2819 solet

206 2859 242 2926 in
260 2855 321 2924 illis
338 2855 419 2925 locis
436 2872 612 2950 tempestas
626 2858 716 2926 haud
728 2883 821 2927 secus
836 2873 935 2951 atque
951 2860 985 2925 in
1002 2855 1102 2925 mari¹
1116 2857 1265 2924 retinere.

251 3065 276 3117 5.
297 3065 373 3134 Leges
387 3065 509 3136 cunasque
517 3065 631 3136 pleraque
644 3065 717 3118 Sido·
761 3070 891 3137 r'mperr'um.
905 3067 972 3119 Item
988 3067 1033 3118 levi
1044 3070 1140 3138 imperia
1153 3077 1178 3117 et
1188 3070 1269 3118 irremu-

209 3149 272 3199 ru'ea.
288 3143 373 3197 Cultus
389 3143 417 3195 in
433 3143 521 3214 primo
539 3145 581 3195 vel
602 3143 717 3198 seeundo
761 3165 801 3196 raes
825 3145 896 3218 apud
918 3147 1075 3217 Jugurtbam
1101 3147 1180 3198 luisse
1203 3146 1270 3218 Cep-

208 3243 285 3292 cesu,
305 3237 335 3277 ut
351 3223 459 3288 libebit,
478 3224 609 3295 intellige3
632 3225 667 3278 ita
687 3239 718 3278 ut
761 3245 847 3278 senses
861 3227 1099 3280 memoranturinl.
1114 3225 1267 3278 LXXXIX.

207 3303 241 3358 ait
257 3322 263 3354 ε
281 3304 345 3374 leges
358 3317 382 3355 at
396 3305 473 3355 cultas
483 3305 597 3375 pleraque
610 3318 666 3358 suu
680 3305 718 3357 Si·
760 3338 800 3346 —
824 3305 988 3378 Frequentem.
1005 3303 1119 3377 Oppidis
1133 3324 1228 3376 nempe
1243 3317 1270 3356 et

207 3385 293 3436 denica
302 3403 312 3444 ,·
322 3403 381 3450 seu,
398 3385 460 3453 leges
475 3397 500 3435 et
514 3387 627 3456 pleraque
640 3386 716 3436 cultus
761 3385 915 3438 cultoribus.
927 3386 1031 3452 Verba,
1043 3391 1104 3436 inter
1119 3386 1173 3436 illos
1188 3386 1270 3451 etfre-

206 3476 264 3516 euat
273 3463 397 3516 Sidonica.
409 3463 467 3516 Hoc
481 3483 530 3536 ego
545 3465 715 3536 praetulerim.
761 3477 867 3536 queatem
877 3465 1028 3526 Numidiam,
1039 3463 1144 3518 abunde
1154 3464 1270 3536 probant

209 3545 719 3616 Ceterumbabentnonnulliqlegumcul-
761 3543 1269 3615 LeptimlnNumidiafuisse.-Vastr‘.

209 3635 302 3694 tueque.
762 3624 873 3677 Deserti.

249 3705 276 3754 6.
299 3702 391 3753 Procul
404 3701 434 3752 ab
457 3705 553 3772 duperia
573 3707 643 3772 regis.
662 3703 717 3754 Sub
803 3703 866 3756 Car.
883 3703 1006 3756 LXXIX.
1022 3722 1046 3756 r.
1061 3703 1197 3772 Tempestas
1205 3701 1274 3760 baud

116 3823 118 3826 .
207 3799 269 3852 rege
292 3779 400 3852 quidem
424 3781 602 3834 Numidarum
625 3795 717 3848 erant,
762 3803 827 3834 secus
842 3787 950 3855 usquein
966 3786 1033 3835 mari.
1045 3780 1107 3834 Vid.
1123 3779 1192 3854 apud
1204 3781 1270 3834 Luc.

208 3859 255 3913 eed
269 3863 363 3930 procul
375 3861 408 3912 ab
419 3861 484 3912 itlius
497 3861 638 3932 imperio,i.
649 3882 671 3915 e.
687 3861 719 3913 ab
762 3881 811 3926 11,
836 3863 890 3926 445
917 3875 944 3914 et
966 3882 1037 3934 seqq.
1065 3859 1273 3931 descriptionem

207 3940 251 3991 5110
267 3943 409 4009 imperante,
427 3941 462 3992 ita
476 3959 570 4012 nempe
583 3953 613 3993 ut
626 3959 657 3994 ex
680 3944 719 3994 in·
762 3943 891 3995 terrestris
906 3942 934 3994 id
949 3961 1030 4014 genus
1051 3942 1189 4013 procellae,
1211 3940 1272 3992 lou·

208 4018 319 4072 ter-vello
334 4021 417 4073 levius
441 4019 474 4074 ad
497 4040 541 4074 eos
566 4021 719 4092 perveniret
762 4023 862 4093 giorem
883 4041 963 4093 quam
976 4035 1006 4075 ut
1022 4023 1075 4076 huc
1089 4021 1271 4076 transferatur.
