2916 4630
227 355 276 441 44
462 355 500 423 C.
529 354 717 424 CRISPI
751 353 1053 426 SALLUSTII

226 487 316 556 haud
338 485 434 556 facile
453 473 686 575 decerneres,
703 485 892 556 lubidine
867 510 913 556 src
934 471 1104 572 accensa⁵,
1121 502 1158 556 ut
1175 491 1292 584 saepius

117 685 123 698 .
226 607 356 689 peteret
370 595 459 663 viros
467 618 594 689 ,quam
608 607 785 690 peteretur.
802 593 866 662 Sed
881 617 920 662 eo
934 617 1020 687 saepe
1034 594 1174 664 antehac
1190 595 1291 665 fidem

225 700 433 796 prodiderat,
451 699 613 770 creditum
638 685 878 796 abjuraveratffl
895 699 992 770 caedis
1013 702 1144 770 conscia
1168 701 1291 793 fuerat,

224 805 354 877 luxuria
377 822 476 903 atque
499 809 610 904 inopia
622 832 781 938 praeceps
801 805 958 876 abierut
970 808 1131 876 Verum
1121 812 1291 903 ingenium

224 913 295 1007 ejus
316 915 406 984 haud
427 900 650 983 absurdum⁸z
671 938 767 1010 posse
790 937 906 983 versus
930 914 1088 1002 facere,
1076 939 1190 1008 Jocum
1214 926 1290 986 mo-

224 1019 333 1108 vere⁹,
352 1045 504 1090 sermone
523 1021 573 1091 uti
595 1019 648 1090 vel
668 1021 835 1109 modesto,
851 1019 905 1088 vel
928 1019 1042 1109 molli,
1060 1020 1112 1089 vel
1135 1024 1291 1116 procaci;

224 1126 378 1222 prorsus¹
381 1125 527 1198 'multae
548 1127 673 1198 facetiae
690 1125 878 1222 multusque
898 1125 1019 1222 lepos'
1010 1142 1125 1196 inerat.
1221 1173 1225 1192 .

276 1237 403 1303 XXVI.
428 1237 489 1304 His
514 1235 615 1305 rebus
642 1236 879 1330 comparatis,
856 1231 1037 1304 'Catilina
1058 1232 1161 1304 nihilo
1182 1237 1291 1306 miuus

223 1342 257 1407 in
282 1365 483 1472 proxumum
507 1366 631 1411 annum
640 1338 884 1411 ²consulatum
909 1341 1061 1436 petebat;
1086 1365 1239 1478 sperans,
1263 1346 1291 1412 si

222 1433 430 1543 designatus³
443 1447 546 1534 foret,
561 1447 702 1517 facilene
716 1473 757 1516 ex
772 1445 943 1516 voluntate
961 1433 1125 1516 Antoni0⁴
1139 1471 1288 1516 usurum.

221 1554 367 1648 Neque
358 1569 483 1624 rnterea
503 1556 633 1648 quietus
652 1567 740 1639 erat,-
757 1553 814 1623 sed
835 1554 988 1623 omnibus
1010 1553 1116 1624 modis
1134 1539 1287 1624 insidias⁵

222 1660 361 1753 parabat
381 1662 546 1731 Ciceroni
567 1662 684 1756 Neque
706 1659 751 1729 illi
770 1673 882 1730 tamen·
904 1660 946 1729 ad
967 1659 1151 1729 cavendum
1174 1659 1289 1750 dolus,

223 1780 281 1835 aut
295 1769 422 1836 astutiae
427 1753 599 1836 deerant.
617 1769 769 1862 Namque
791 1793 811 1836 a
833 1767 995 1862 principio
1013 1763 1202 1836 consulatus
1220 1769 1288 1857 sui,

222 1869 328 1942 multa
347 1872 533 1968 pollicendo
555 1898 615 1970 per
637 1871 817 1962 Fulviaml,
833 1873 1007 1962 effecerat,
1027 1887 1067 1941 ut
1088 1874 1131 1962 Q
1151 1874 1287 1963 Curius,

221 1978 263 2048 de
284 2005 350 2075 quo
366 1977 478 2076 paullo
498 1997 575 2051 ante
594 1983 791 2068 memoravi,
809 1978 944 2050 consilia
963 1977 1111 2051 Catilinae
1132 1979 1192 2049 sibi
1210 2005 1287 2077 pro·

221 2083 323 2156 deret.
352 2087 404 2156 Ad
429 2087 496 2158 hoc
523 2087 684 2184 collegam
709 2113 805 2158 suurn
832 2088 1014 2157 Antonium
1037 2088 1190 2182 pactione
1211 2113 1288 2184 pro·

220 2276 224 2286 '
261 2281 288 2340 4.
300 2275 452 2329 Deceruerer.
462 2273 608 2331 Indicam.
617 2273 729 2329 Harerc.
819 2294 843 2329 a.
866 2275 897 2328 Iu
915 2293 1057 2346 proxumum
1080 2293 1177 2326 annom
1198 2272 1234 2328 U.
1255 2273 1286 2328 C.

220 2355 370 2408 discerneres.
776 2354 1215 2427 792‚quiCicerouisconsulatum
1224 2371 1287 2424 pro·

262 2436 731 2508 5.Lubidiuesicacceusa.1ungecum
774 2435 846 2488 xime
860 2447 1019 2506 sequuturae
1034 2445 1098 2486 erat.

214 2515 415 2584 parcent,utin
423 2528 496 2569 recto
505 2515 728 2578 cueusitaccema,
816 2513 843 2569 3.
858 2515 1015 2586 Designatus.
1023 2512 1287 2566 Sicvocabuturcou·

219 2596 390 2650 etreleratur
405 2593 439 2648 ad
452 2593 644 2668 Semproniam.
662 2595 730 2650 Cor·
775 2593 815 2648 rul
837 2595 865 2647 iu
888 2613 986 2648 annum
1008 2605 1159 2665 sequentem
1179 2591 1285 2645 electus.

219 2673 272 2726 tiuu
281 2675 388 2746 praefert
402 2693 409 2728 :
424 2673 505 2726 lubido
515 2679 550 2727 sic
563 2693 671 2729 accensa.
774 2675 801 2728 Io
820 2674 925 2728 nullum
945 2673 1086 2746 imperium
1104 2673 1233 2738 habebat,
1247 2683 1287 2725 ut

260 2757 286 2808 6.
298 2753 421 2807 Creditum
427 2753 586 2826 abjuraverat.
595 2753 731 2809 Creditum
774 2765 838 2825 pote
847 2753 1287 2825 uoudumcouru13maguamvero

219 2833 361 2905 pecuniam
377 2853 438 2886 curn
459 2831 633 2906 jurejurando
652 2853 731 2907 nega·
775 2836 972 2900 auctoritatem,
988 2846 1080 2905 utpote
1093 2851 1156 2886 mox
1169 2832 1270 2887 consul.

218 2925 300 2967 verat.
816 2923 842 2980 4.
863 2917 982 2970 Antonio.
998 2914 1053 2980 Qui
1074 2932 1136 2967 cum
1157 2913 1287 2968 Cicerone

261 3011 288 3063 7.
303 2995 415 3066 Praeceps
433 2995 533 3048 abiem.
552 2996 584 3048 In
601 3013 729 3048 summam
774 2995 866 3048 conoul
883 3007 955 3062 erat,
972 2994 1068 3060 homo,
1086 3007 1117 3046 ut
1135 3011 1212 3066 cupra
1229 2991 1286 3046 dic·

219 3072 351 3127 miceriam
366 3075 440 3146 quari
455 3093 572 3148 preceps
588 3073 731 3130 deciderat.
775 3085 832 3127 tum
846 3087 897 3140 ert,
913 3075 1034 3130 Catilinae
1048 3073 1192 3127 familiaris.

260 3153 729 3227 8.Haudadsurdum.Noniueleganc.
817 3155 842 3209 5.
859 3155 973 3208 Insidens.
996 3154 1156 3208 Conferatur
1176 3151 1286 3220 Cicero,

260 3251 289 3303 9.
304 3233 389 3288 locum
402 3255 500 3289 meren.
514 3233 552 3289 Ea
567 3235 658 3308 loqui,
672 3254 731 3308 qun
774 3233 850 3289 Orat.
866 3237 917 3288 riu
932 3235 1004 3298 Cat,
1016 3233 1078 3288 nbi:
1089 3259 1100 3282 ι
1111 3233 1237 3299 Quoties,
1249 3233 1288 3285 in·

218 3313 283 3368 ulios
299 3313 333 3368 ad
343 3315 488 3388 jocandum
500 3317 651 3371 invitarent.
774 3317 886 3388 quit,tu
895 3334 938 3368 rue
946 3313 1125 3386 designatum,
1135 3313 1238 3385 quoties
1245 3331 1288 3366 me

261 3413 304 3449 ιο.
318 3398 432 3452 Prorsus.
451 3395 552 3450 Eodem
569 3415 663 3462 amru,
676 3415 730 3468 quo
774 3395 909 3449 consulem
922 3393 1070 3449 interdicere
1077 3391 1283 3458 volutemur?-

219 3493 298 3547 supra
310 3489 443 3548 postremo,
458 3475 487 3531 id
502 3489 557 3543 eet,
567 3496 622 3530 uno
636 3477 729 3531 uerbo.
815 3479 842 3530 6.
864 3475 957 3539 Dolus,
979 3485 1024 3526 aut
1039 3476 1144 3528 astutio
1165 3469 1287 3524 Invidio-

218 3553 378 3611 Conleratur
396 3558 517 3630 Poppreae
533 3557 637 3610 Sabinu
654 3555 732 3610 indo·
773 3573 833 3608 rum
861 3553 962 3628 aliquid
990 3554 1048 3608 hoc
1073 3551 1128 3626 duo
1158 3549 1288 3605 vocabula

216 3633 728 3708 leu,apudTacitum,Auual.1111,st
773 3637 895 3689 subolere
916 3633 1050 3690 videntur.
1074 3632 1152 3686 Certe
1175 3630 1289 3685 amicior

257 3717 323 3771 Cur.
339 3717 443 3770 XXVI.
468 3735 493 3771 u.
509 3715 558 3768 His
579 3717 648 3769 rebus
665 3737 730 3768 com·
773 3717 898 3770 Ciceroni
913 3717 1028 3788 scriptor
1043 3713 1208 3786 pmdenllam·
1228 3711 1289 3763 ‘llll'-

215 3801 318 3865 pararis.
331 3797 403 3864 Quae
416 3796 514 3850 scilicet
525 3796 553 3848 in
564 3813 622 3868 cap.
635 3797 729 3851 xxw
771 3799 878 3866 gentem
884 3835 893 3860 ,
913 3797 1054 3854 consilium,
1070 3793 1114 3848 rel
1132 3789 1205 3845 aliud
1221 3791 1291 3863 quid

217 3873 301 3943 dixit,
314 3897 402 3943 arura,
415 3877 571 3950 pecuniam,
583 3876 668 3931 rocio·
676 3917 685 3942 ,
700 3877 729 3930 in
773 3875 862 3931 dicere
876 3878 1014 3948 potuisset.

217 3956 314 4024 quibua
334 3977 418 4030 quum
441 3958 499 4012 alia
526 3956 648 4022 feminae,
671 3969 729 4010 tum
814 3975 841 4029 7.
857 3957 939 4011 Multa
951 3955 1089 4028 pollicendo
1102 3973 1148 4025 per
1165 3951 1292 4007 Fulvium.

217 4033 385 4109 Sempronia,
394 4039 469 4110 cujus
478 4055 565 4091 mores
577 4037 728 4105 obtorpu-
772 4035 816 4091 sic
828 4037 873 4091 illu
884 4035 1019 4110 jungenda
1038 4047 1118 4100 eunt,
1133 4051 1189 4087 nou
1205 4050 1292 4086 vero:

214 4117 316 4186 periuri
328 4118 431 4188 capite,
444 4117 593 4174 delineavit.
773 4119 886 4186 asserem
895 4135 941 4190 per
949 4116 976 4173 F
975 4117 1071 4171 udaium.
1078 4114 1188 4186 Quippe
1194 4111 1294 4168 Fulvia
