2922 4642
369 405 413 474 C.
448 406 627 475 CRISPI
657 405 951 476 SALLUSTII.
1135 434 1197 480 xrx

120 557 211 613 serat
225 537 424 610 Sallustium
443 535 569 632 aliquot
585 535 747 633 legiones,
765 563 906 632 quarum
921 539 962 610 de
977 539 1043 610 fide
1063 567 1198 614 securus

22 711 23 734 ,
124 664 210 736 erat,
235 671 301 743 per
324 647 478 740 Capuam
503 643 546 714 ad
573 669 665 714 mare
694 643 815 715 ducere
837 660 871 715 et
896 671 951 716 eas
973 647 1112 719 navibus
1137 652 1197 719 irn-

22 735 25 850 l
127 779 266 850 ponere.
289 751 356 822 Sed
377 752 454 821 fessi
474 749 665 820 vulneribus
687 749 876 847 praeliisque
894 753 1030 843 milites,
1056 757 1114 825 ubi
1135 783 1198 853 pro

22 867 23 948 j
130 861 288 932 laborum
316 860 457 953 premiis
480 882 585 927 novos
605 856 754 947 labores,
771 873 806 928 et
825 885 888 954 pro
913 862 1023 954 quiete
1047 861 1199 934 adeunda

22 1059 23 1064 ἵ
132 993 246 1038 rursus
275 967 376 1036 maris
404 963 546 1059 bellique
574 964 721 1060 pericula
751 964 963 1055 intellexere,
992 967 1199 1065 despondent

22 1103 23 1152 l
134 1077 281 1160 animos,
304 1087 338 1141 et
363 1071 497 1140 tandem
528 1070 600 1140 fieri
626 1070 727 1141 linem
752 1087 905 1166 oportere
934 1073 1198 1164 conclamantes,

136 1182 291 1250 inminas
310 1192 345 1248 et
364 1191 513 1274 apertam
532 1177 728 1247 seditionem
750 1193 938 1273 erumpunt.
960 1181 1024 1249 Cui
1048 1183 1199 1253 sedanda

136 1289 242 1382 impar
255 1285 438 1356 exercitum
454 1283 638 1380 relinquere
653 1299 787 1354 coactus
809 1299 859 1354 est
874 1284 1056 1356 Sallustius.
1076 1289 1200 1358 Milites

22 1399 23 1410 ’
137 1395 223 1463 viam
237 1393 414 1480 reflexere3
425 1415 488 1460 nec
504 1394 566 1461 nisi
579 1393 722 1462 Romam
737 1416 919 1486 regressos,
929 1392 1062 1487 jamque
1078 1408 1202 1465 stantes

137 1501 170 1568 in
188 1502 320 1594 Campo
338 1500 478 1586 Martio,
497 1501 608 1568 Caesar
626 1499 696 1593 ipse
716 1505 856 1593 quirites
873 1499 1026 1569 vocando
1048 1515 1201 1570 exaucto-

137 1606 308 1700 randoque
330 1605 467 1676 sedavit.
482 1605 559 1694 Qua
574 1605 756 1699 ignominia
773 1604 922 1676 advetus
939 1606 1133 1702 obsequium
1156 1633 1203 1677 re·

137 1713 245 1782 vocati
262 1737 342 1780 mox
357 1715 392 1780 in
408 1711 555 1782 Africam
573 1712 842 1781 transvehuntur.
855 1712 938 1782 Inde
952 1712 1142 1784 Sallustium
1160 1715 1203 1786 ad

22 1883 23 1886 ,
139 1821 313 1889 Cercinam
327 1816 485 1904 insulam,
505 1843 605 1912 quarn
620 1817 798 1888 adversarii
820 1819 994 1909 tenebant,
1011 1845 1088 1891 curn
1109 1837 1203 1916 parte

139 1927 272 1995 navium
301 1927 414 1996 Caesar
442 1925 490 1992 ire
513 1925 630 2017 jubet,
654 1925 745 2019 quod
777 1925 822 1994 ibi
843 1949 1001 2021 magnum
1026 1951 1203 2000 numerum

139 2031 295 2102 frumenti
314 2055 384 2100 esse
402 2029 565 2099 audiebat

195 2169 211 2204 α
228 2141 311 2208 Haec
327 2139 375 2206 ita
388 2137 574 2231 imperabat
588 2129 688 2225 (Bell.
705 2135 777 2205 Afr.
794 2157 875 2223 viu,
894 2139 1013 2207 Caesar.
1032 2137 1205 2208 Collectio·

140 2246 205 2332 uis,
220 2243 287 2314 vol.
301 2267 349 2331 tt,
365 2269 396 2339 p.
406 2235 538 2331 '436,)
553 2257 610 2331 ut,
625 2243 652 2311 si
667 2241 738 2310 fieri
761 2255 872 2336 posset
886 2267 1009 2328 necne,
1022 2240 1133 2312 locum
1148 2269 1203 2314 ex-

140 2354 266 2421 cusatio
286 2349 417 2420 nullum
438 2349 596 2436 haberet,
613 2373 675 2417 nec
693 2371 822 2416 moram
847 2349 1083 2442 tergiversatio.
1103 2379 1120 2414 u
1146 2351 1205 2420 Ni·

140 2461 261 2527 mirum
273 2459 309 2526 in
322 2481 363 2525 eo
376 2458 534 2526 virtutem
553 2456 666 2551 reique
684 2453 834 2524 militaris
852 2455 1003 2550 peritiam
1023 2473 1207 2550 agnoverat

140 2567 381 2658 Cmsar,quern
401 2561 612 2632 considerare
635 2559 789 2649 vetabat,
811 2585 855 2629 an
876 2585 928 2630 res
951 2562 1113 2656 imperata
1134 2563 1206 2636 fieri

140 2686 260 2764 posset
279 2671 437 2739 Ceterum
455 2693 510 2757 ea,
524 2691 586 2738 nec
605 2691 727 2762 magno
745 2667 878 2763 quidem
895 2669 1045 2763 negotio,
1059 2669 1207 2764 perfecta

142 2791 199 2846 est.
226 2805 245 2843 ι
258 2777 348 2846 Nam
366 2768 469 2865 (ibid.
492 2797 629 2862 xxxrv,
649 2799 682 2868 p.
703 2769 819 2862 461)
837 2771 981 2844 Sallustii
1001 2774 1147 2845 adventu
1166 2779 1203 2847 C.

142 2885 314 2954 Decimius
327 2883 539 2977 quaestorius,
550 2882 607 2976 qui
617 2881 662 2950 ibi
679 2903 755 2950 cum
774 2879 891 2974 grandi
903 2880 1032 2950 familiae
1047 2907 1113 2951 suae
1127 2907 1206 2978 prae·

22 3035 23 3086 3
144 2989 223 3059 sidio
236 3003 380 3085 praeerat
398 2989 611 3072 commeatui,
624 2986 799 3083 parvulum
813 2987 983 3082 navigium
998 3001 1114 3059 nactus
1131 3013 1207 3058 con-

22 3093 24 3118 '
145 3096 288 3185 stendit,
300 3119 340 3164 ac
353 3120 388 3163 se
404 3094 490 3188 fugae
508 3093 731 3164 commendat.
741 3091 914 3162 Sallustius
927 3095 1056 3166 interim
1069 3109 1206 3189 proetor,

146 3227 164 3270 a
177 3201 407 3272 Cercinatibus
420 3213 586 3295 receptus,
598 3223 720 3294 magno
730 3223 870 3269 numero
884 3199 1042 3270 frumenti
1055 3203 1208 3300 invento,

22 3363 24 3404 ,
146 3331 246 3377 naves
264 3308 432 3377 onerarias
434 3357 496 3375 ......
516 3305 678 3402 complet,
695 3320 794 3401 atque
811 3306 845 3374 in
863 3321 972 3376 castra
985 3306 1027 3375 ad
1043 3309 1209 3379 Caesarem

22 3479 24 3508 r
146 3415 253 3483 millii.
273 3443 292 3479 u

22 3517 24 3532 '
197 3519 360 3591 Confecto
378 3517 469 3589 bello
489 3520 619 3605 Cesar,
637 3531 762 3612 pacatae
780 3516 901 3588 Africae
920 3514 1109 3588 Sallustium
1131 3543 1210 3613 prse-

146 3627 233 3696 tecit.
250 3627 349 3716 Quod
370 3627 399 3697 si
421 3629 559 3712 Lcnaeo,
585 3625 733 3718 Pompeii
755 3623 892 3713 liberto,
915 3649 1014 3719 quem
1033 3625 1209 3698 Suetonius

146 3746 264 3802 eontra
280 3734 474 3806 Sallustium
495 3730 686 3800 mordacem
700 3729 846 3800 libellum
867 3733 1034 3826 scripsisse
1056 3745 1212 3822 testatur,

22 3901 24 3928 ,
147 3839 230 3910 fides
247 3840 433 3914 adhibenda
449 3841 512 3924 sit,
533 3839 567 3906 in
584 3861 623 3906 ea
650 3837 715 3907 hoe
736 3851 865 3908 tanturn
886 3836 1032 3932 reliquit,
1054 3837 1145 3931 quod
1159 3863 1213 3908 au·

147 3945 235 4018 rme
249 3975 310 4020 non
324 3959 474 4050 poterat.
491 3943 647 4038 Ejusdem
667 3945 812 4014 criminis
833 3967 927 4016 reum
949 3944 1028 4013 facit
1044 3945 1110 4014 Dio
1132 3945 1213 4016 Cas·

147 4054 234 4140 siun
252 4081 352 4156 mque
372 4057 411 4130 id
426 4067 556 4126 temero
573 4065 631 4120 aut
647 4049 807 4123 invidiose
828 4051 1052 4146 excogitatum
1065 4050 1215 4141 videtur,

983 4179 1027 4250 B.
