<?xml version="1.0" encoding="UTF-8"?>
<!DOCTYPE html PUBLIC "-//W3C//DTD XHTML 1.0 Transitional//EN"
    "http://www.w3.org/TR/xhtml1/DTD/xhtml1-transitional.dtd">
<html xmlns="http://www.w3.org/1999/xhtml" xml:lang="en" lang="en">
 <head>
  <title>
</title>
<meta http-equiv="Content-Type" content="text/html;charset=utf-8" />
  <meta name='ocr-system' content='tesseract 3.04.00' />
  <meta name='ocr-capabilities' content='ocr_page ocr_carea ocr_par ocr_line ocrx_word'/>
</head>
<body>
  <div class='ocr_page' id='page_1' title='image "./caiuscrispussal01sallgoog_0255.png"; bbox 0 0 2950 4646; ppageno 0'>
   <div class='ocr_carea' id='block_1_1' title="bbox 603 375 1281 477">
    <p class='ocr_par' dir='ltr' id='par_1_1' title="bbox 603 375 1281 477">
     <span class='ocr_line' id='line_1_1' title="bbox 603 375 1281 477; baseline 0.012 -32"><span class='ocrx_word' id='word_1_1' title='bbox 603 375 902 448; x_wconf 79' lang='lat' dir='ltr'>lUGURTHA.</span> <span class='ocrx_word' id='word_1_2' title='bbox 1211 381 1281 477; x_wconf 84' lang='lat'>187</span> 
     </span>
    </p>
   </div>
   <div class='ocr_carea' id='block_1_2' title="bbox 210 507 1288 1897">
    <p class='ocr_par' dir='ltr' id='par_1_2' title="bbox 210 507 1285 810">
     <span class='ocr_line' id='line_1_2' title="bbox 215 507 1285 608; baseline -0.002 -20"><span class='ocrx_word' id='word_1_3' title='bbox 215 513 328 602; x_wconf 89' lang='lat' dir='ltr'>lubet,</span> <span class='ocrx_word' id='word_1_4' title='bbox 347 507 509 584; x_wconf 82' lang='lat' dir='ltr'>consulite</span> <span class='ocrx_word' id='word_1_5' title='bbox 523 533 530 577; x_wconf 92' lang='lat'><strong>:</strong></span> <span class='ocrx_word' id='word_1_6' title='bbox 545 533 599 579; x_wconf 90' lang='lat' dir='ltr'>me</span> <span class='ocrx_word' id='word_1_7' title='bbox 618 533 658 579; x_wconf 85' lang='lat' dir='ltr'>ex</span> <span class='ocrx_word' id='word_1_8' title='bbox 679 510 831 580; x_wconf 89' lang='lat' dir='ltr'>manibus</span> <span class='ocrx_word' id='word_1_9' title='bbox 852 509 962 606; x_wconf 89' lang='lat' dir='ltr'>impiis</span> <span class='ocrx_word' id='word_1_10' title='bbox 982 511 1116 606; x_wconf 83' lang='lat' dir='ltr'>eripite,</span> <span class='ocrx_word' id='word_1_11' title='bbox 1133 536 1193 608; x_wconf 89' lang='lat' dir='ltr'>per</span> <span class='ocrx_word' id='word_1_12' title='bbox 1213 539 1285 588; x_wconf 87' lang='lat' dir='ltr'>ma·</span> 
     </span>
     <span class='ocr_line' id='line_1_3' title="bbox 210 617 1284 717; baseline 0.002 -25"><span class='ocrx_word' id='word_1_13' title='bbox 210 623 369 717; x_wconf 77' lang='lat' dir='ltr'>jestatem</span> <span class='ocrx_word' id='word_1_14' title='bbox 384 618 532 714; x_wconf 85' lang='lat' dir='ltr'>imperii,</span> <span class='ocrx_word' id='word_1_15' title='bbox 553 642 614 713; x_wconf 94' lang='lat' dir='ltr'>per</span> <span class='ocrx_word' id='word_1_16' title='bbox 635 619 786 688; x_wconf 79' lang='lat' dir='ltr'>amicitiae</span> <span class='ocrx_word' id='word_1_17' title='bbox 810 617 931 707; x_wconf 87' lang='lat' dir='ltr'>fidem,</span> <span class='ocrx_word' id='word_1_18' title='bbox 959 621 985 689; x_wconf 92' lang='lat' dir='ltr'>si</span> <span class='ocrx_word' id='word_1_19' title='bbox 1008 617 1075 688; x_wconf 90' lang='lat' dir='ltr'>ulla</span> <span class='ocrx_word' id='word_1_20' title='bbox 1106 621 1196 715; x_wconf 90' lang='lat' dir='ltr'>apud</span> <span class='ocrx_word' id='word_1_21' title='bbox 1223 648 1284 694; x_wconf 88' lang='lat' dir='ltr'>vos</span> 
     </span>
     <span class='ocr_line' id='line_1_4' title="bbox 213 725 790 810; baseline -0.017 -10"><span class='ocrx_word' id='word_1_22' title='bbox 213 729 377 800; x_wconf 85' lang='lat' dir='ltr'>memoria</span> <span class='ocrx_word' id='word_1_23' title='bbox 398 727 451 796; x_wconf 88' lang='lat' dir='ltr'>avi</span> <span class='ocrx_word' id='word_1_24' title='bbox 471 725 537 796; x_wconf 91' lang='lat' dir='ltr'>mei</span> <span class='ocrx_word' id='word_1_25' title='bbox 556 726 746 810; x_wconf 70' lang='lat' dir='ltr'>Masinissae.</span> <span class='ocrx_word' id='word_1_26' title='bbox 772 755 790 790; x_wconf 71' lang='lat' dir='ltr'>s</span> 
     </span>
    </p>

    <p class='ocr_par' dir='ltr' id='par_1_3' title="bbox 214 831 1288 1897">
     <span class='ocr_line' id='line_1_5' title="bbox 268 831 1286 928; baseline 0 -23"><span class='ocrx_word' id='word_1_27' title='bbox 268 837 379 905; x_wconf 81' lang='lat' dir='ltr'><strong>XXV.</strong></span> <span class='ocrx_word' id='word_1_28' title='bbox 407 835 467 903; x_wconf 89' lang='lat' dir='ltr'>His</span> <span class='ocrx_word' id='word_1_29' title='bbox 492 831 595 903; x_wconf 89' lang='lat' dir='ltr'>literis</span> <span class='ocrx_word' id='word_1_30' title='bbox 624 833 793 922; x_wconf 84' lang='lat' dir='ltr'>recitatis,</span> <span class='ocrx_word' id='word_1_31' title='bbox 813 831 928 920; x_wconf 88' lang='lat' dir='ltr'>fuere,</span> <span class='ocrx_word' id='word_1_32' title='bbox 956 835 1013 928; x_wconf 88' lang='lat' dir='ltr'>qui</span> <span class='ocrx_word' id='word_1_33' title='bbox 1041 836 1221 904; x_wconf 84' lang='lat' dir='ltr'>exercitum</span> <span class='ocrx_word' id='word_1_34' title='bbox 1250 837 1286 906; x_wconf 88' lang='lat' dir='ltr'>in</span> 
     </span>
     <span class='ocr_line' id='line_1_6' title="bbox 215 939 1288 1036; baseline -0.002 -22"><span class='ocrx_word' id='word_1_35' title='bbox 215 943 365 1014; x_wconf 77' lang='lat' dir='ltr'>dliicam</span> <span class='ocrx_word' id='word_1_36' title='bbox 391 939 590 1010; x_wconf 89' lang='lat' dir='ltr'>mittendum</span> <span class='ocrx_word' id='word_1_37' title='bbox 616 953 807 1029; x_wconf 80' lang='lat' dir='ltr'><strong>censerent,</strong></span> <span class='ocrx_word' id='word_1_38' title='bbox 827 955 862 1012; x_wconf 88' lang='lat' dir='ltr'>et</span> <span class='ocrx_word' id='word_1_39' title='bbox 889 942 1137 1036; x_wconf 83' lang='lat' dir='ltr'>quamprimum</span> <span class='ocrx_word' id='word_1_40' title='bbox 1163 942 1288 1012; x_wconf 72' lang='lat' dir='ltr'>Adher</span> 
     </span>
     <span class='ocr_line' id='line_1_7' title="bbox 215 1045 1288 1144; baseline 0 -24"><span class='ocrx_word' id='word_1_41' title='bbox 215 1049 283 1120; x_wconf 77' lang='lat' dir='ltr'>bati</span> <span class='ocrx_word' id='word_1_42' title='bbox 297 1045 581 1120; x_wconf 84' lang='lat' dir='ltr'>subveniundum:</span> <span class='ocrx_word' id='word_1_43' title='bbox 593 1047 635 1116; x_wconf 86' lang='lat' dir='ltr'>de</span> <span class='ocrx_word' id='word_1_44' title='bbox 651 1047 818 1144; x_wconf 77' lang='lat' dir='ltr'>iugurtha</span> <span class='ocrx_word' id='word_1_45' title='bbox 832 1049 965 1118; x_wconf 90' lang='lat' dir='ltr'>interim</span> <span class='ocrx_word' id='word_1_46' title='bbox 978 1050 1027 1118; x_wconf 93' lang='lat' dir='ltr'>uti</span> <span class='ocrx_word' id='word_1_47' title='bbox 1042 1047 1288 1139; x_wconf 84' lang='lat' dir='ltr'>consuleretur,</span> 
     </span>
     <span class='ocr_line' id='line_1_8' title="bbox 217 1143 1286 1252; baseline -0.001 -25"><span class='ocrx_word' id='word_1_48' title='bbox 217 1159 374 1252; x_wconf 85' lang='lat' dir='ltr'>quoniam</span> <span class='ocrx_word' id='word_1_49' title='bbox 403 1181 471 1228; x_wconf 87' lang='lat' dir='ltr'>non</span> <span class='ocrx_word' id='word_1_50' title='bbox 493 1155 656 1250; x_wconf 85' lang='lat' dir='ltr'>paruisset</span> <span class='ocrx_word' id='word_1_51' title='bbox 676 1143 800 1251; x_wconf 81' lang='lat' dir='ltr'>legatis.</span> <span class='ocrx_word' id='word_1_52' title='bbox 823 1153 889 1225; x_wconf 78' lang='lat' dir='ltr'>ssd</span> <span class='ocrx_word' id='word_1_53' title='bbox 909 1155 952 1224; x_wconf 91' lang='lat' dir='ltr'>ab</span> <span class='ocrx_word' id='word_1_54' title='bbox 973 1155 1089 1226; x_wconf 86' lang='lat' dir='ltr'>iisdem</span> <span class='ocrx_word' id='word_1_55' title='bbox 1110 1157 1196 1250; x_wconf 81' lang='lat' dir='ltr'>regis</span> <span class='ocrx_word' id='word_1_56' title='bbox 1214 1156 1286 1226; x_wconf 87' lang='lat' dir='ltr'>fau·</span> 
     </span>
     <span class='ocr_line' id='line_1_9' title="bbox 216 1261 1286 1358; baseline -0.001 -23"><span class='ocrx_word' id='word_1_57' title='bbox 216 1265 345 1335; x_wconf 79' lang='lat' dir='ltr'>turibus</span> <span class='ocrx_word' id='word_1_58' title='bbox 372 1285 502 1334; x_wconf 90' lang='lat' dir='ltr'>summa</span> <span class='ocrx_word' id='word_1_59' title='bbox 523 1287 588 1358; x_wconf 92' lang='lat' dir='ltr'>ope</span> <span class='ocrx_word' id='word_1_60' title='bbox 608 1265 759 1352; x_wconf 89' lang='lat' dir='ltr'>enisum,</span> <span class='ocrx_word' id='word_1_61' title='bbox 778 1283 821 1334; x_wconf 85' lang='lat' dir='ltr'>ue</span> <span class='ocrx_word' id='word_1_62' title='bbox 839 1261 1010 1334; x_wconf 89' lang='lat' dir='ltr'>decretum</span> <span class='ocrx_word' id='word_1_63' title='bbox 1028 1262 1132 1334; x_wconf 88' lang='lat' dir='ltr'>fieret.</span> <span class='ocrx_word' id='word_1_64' title='bbox 1152 1265 1206 1332; x_wconf 89' lang='lat' dir='ltr'>lta</span> <span class='ocrx_word' id='word_1_65' title='bbox 1224 1265 1286 1334; x_wconf 85' lang='lat' dir='ltr'>bu·</span> 
     </span>
     <span class='ocr_line' id='line_1_10' title="bbox 215 1369 1287 1466; baseline 0 -26"><span class='ocrx_word' id='word_1_66' title='bbox 215 1396 298 1440; x_wconf 91' lang='lat' dir='ltr'>num</span> <span class='ocrx_word' id='word_1_67' title='bbox 326 1369 520 1466; x_wconf 90' lang='lat' dir='ltr'>publicum,</span> <span class='ocrx_word' id='word_1_68' title='bbox 548 1383 587 1438; x_wconf 93' lang='lat' dir='ltr'>ut</span> <span class='ocrx_word' id='word_1_69' title='bbox 610 1372 646 1440; x_wconf 92' lang='lat' dir='ltr'>in</span> <span class='ocrx_word' id='word_1_70' title='bbox 665 1369 829 1466; x_wconf 87' lang='lat' dir='ltr'>plerisque</span> <span class='ocrx_word' id='word_1_71' title='bbox 854 1371 993 1466; x_wconf 82' lang='lat' dir='ltr'>negotiis</span> <span class='ocrx_word' id='word_1_72' title='bbox 1018 1370 1128 1460; x_wconf 89' lang='lat' dir='ltr'>solet,</span> <span class='ocrx_word' id='word_1_73' title='bbox 1155 1371 1287 1466; x_wconf 87' lang='lat' dir='ltr'>privata</span> 
     </span>
     <span class='ocr_line' id='line_1_11' title="bbox 215 1477 1286 1574; baseline 0 -26"><span class='ocrx_word' id='word_1_74' title='bbox 215 1480 322 1573; x_wconf 74' lang='lat' dir='ltr'>gratia</span> <span class='ocrx_word' id='word_1_75' title='bbox 340 1478 517 1548; x_wconf 77' lang='lat' dir='ltr'>devictum.</span> <span class='ocrx_word' id='word_1_76' title='bbox 538 1478 710 1574; x_wconf 76' lang='lat' dir='ltr'>Legantur</span> <span class='ocrx_word' id='word_1_77' title='bbox 727 1492 840 1550; x_wconf 90' lang='lat' dir='ltr'>tamen</span> <span class='ocrx_word' id='word_1_78' title='bbox 858 1479 894 1546; x_wconf 90' lang='lat' dir='ltr'>in</span> <span class='ocrx_word' id='word_1_79' title='bbox 911 1477 1058 1550; x_wconf 76' lang='lat' dir='ltr'>Africam</span> <span class='ocrx_word' id='word_1_80' title='bbox 1076 1477 1218 1572; x_wconf 86' lang='lat' dir='ltr'>majores</span> <span class='ocrx_word' id='word_1_81' title='bbox 1232 1502 1286 1548; x_wconf 89' lang='lat' dir='ltr'>na·</span> 
     </span>
     <span class='ocr_line' id='line_1_12' title="bbox 214 1583 1286 1681; baseline 0 -25"><span class='ocrx_word' id='word_1_82' title='bbox 214 1599 270 1674; x_wconf 91' lang='lat' dir='ltr'>tu,</span> <span class='ocrx_word' id='word_1_83' title='bbox 298 1583 443 1674; x_wconf 86' lang='lat' dir='ltr'>nobiles,</span> <span class='ocrx_word' id='word_1_84' title='bbox 464 1583 582 1680; x_wconf 85' lang='lat' dir='ltr'>amplis</span> <span class='ocrx_word' id='word_1_85' title='bbox 612 1586 822 1657; x_wconf 87' lang='lat' dir='ltr'>honoribus:</span> <span class='ocrx_word' id='word_1_86' title='bbox 845 1587 880 1655; x_wconf 90' lang='lat' dir='ltr'>in</span> <span class='ocrx_word' id='word_1_87' title='bbox 901 1587 974 1681; x_wconf 88' lang='lat' dir='ltr'>quis</span> <span class='ocrx_word' id='word_1_88' title='bbox 998 1587 1045 1656; x_wconf 92' lang='grc' dir='ltr'>Μ.</span> <span class='ocrx_word' id='word_1_89' title='bbox 1064 1587 1225 1674; x_wconf 85' lang='lat' dir='ltr'>Scaurus,</span> <span class='ocrx_word' id='word_1_90' title='bbox 1244 1585 1286 1656; x_wconf 88' lang='lat' dir='ltr'>de</span> 
     </span>
     <span class='ocr_line' id='line_1_13' title="bbox 214 1692 1288 1788; baseline 0 -26"><span class='ocrx_word' id='word_1_91' title='bbox 214 1717 282 1787; x_wconf 86' lang='lat' dir='ltr'>quo</span> <span class='ocrx_word' id='word_1_92' title='bbox 304 1717 405 1788; x_wconf 89' lang='lat' dir='ltr'>supra</span> <span class='ocrx_word' id='word_1_93' title='bbox 427 1694 707 1783; x_wconf 82' lang='lat' dir='ltr'>memoravimus,</span> <span class='ocrx_word' id='word_1_94' title='bbox 732 1692 932 1784; x_wconf 87' lang='lat' dir='ltr'>consularis,</span> <span class='ocrx_word' id='word_1_95' title='bbox 956 1708 990 1763; x_wconf 89' lang='lat' dir='ltr'>et</span> <span class='ocrx_word' id='word_1_96' title='bbox 1019 1708 1090 1764; x_wconf 90' lang='lat' dir='ltr'>tum</span> <span class='ocrx_word' id='word_1_97' title='bbox 1111 1695 1146 1764; x_wconf 87' lang='lat' dir='ltr'>iu</span> <span class='ocrx_word' id='word_1_98' title='bbox 1171 1708 1288 1764; x_wconf 88' lang='lat' dir='ltr'>senatu</span> 
     </span>
     <span class='ocr_line' id='line_1_14' title="bbox 216 1800 1287 1897; baseline 0.002 -29"><span class='ocrx_word' id='word_1_99' title='bbox 216 1801 380 1895; x_wconf 85' lang='lat' dir='ltr'>prinoeps.</span> <span class='ocrx_word' id='word_1_100' title='bbox 404 1802 467 1889; x_wconf 87' lang='lat' dir='ltr'>Hi,</span> <span class='ocrx_word' id='word_1_101' title='bbox 484 1800 575 1897; x_wconf 86' lang='lat' dir='ltr'>quod</span> <span class='ocrx_word' id='word_1_102' title='bbox 592 1803 627 1872; x_wconf 88' lang='lat' dir='ltr'>iu</span> <span class='ocrx_word' id='word_1_103' title='bbox 643 1802 767 1871; x_wconf 85' lang='lat' dir='ltr'>invidia</span> <span class='ocrx_word' id='word_1_104' title='bbox 787 1826 840 1872; x_wconf 88' lang='lat' dir='ltr'>res</span> <span class='ocrx_word' id='word_1_105' title='bbox 858 1800 960 1890; x_wconf 89' lang='lat' dir='ltr'>erat¹,</span> <span class='ocrx_word' id='word_1_106' title='bbox 982 1800 1079 1871; x_wconf 89' lang='lat' dir='ltr'>simul</span> <span class='ocrx_word' id='word_1_107' title='bbox 1101 1813 1135 1871; x_wconf 92' lang='lat' dir='ltr'>et</span> <span class='ocrx_word' id='word_1_108' title='bbox 1156 1800 1198 1870; x_wconf 89' lang='lat' dir='ltr'>ab</span> <span class='ocrx_word' id='word_1_109' title='bbox 1215 1801 1287 1872; x_wconf 86' lang='lat' dir='ltr'>Nu·</span> 
     </span>
    </p>
   </div>
   <div class='ocr_carea' id='block_1_3' title="bbox 215 1906 1289 2326">
    <p class='ocr_par' dir='ltr' id='par_1_4' title="bbox 215 1906 1289 2326">
     <span class='ocr_line' id='line_1_15' title="bbox 216 1906 1289 1996; baseline 0.002 -20"><span class='ocrx_word' id='word_1_110' title='bbox 216 1906 312 1977; x_wconf 87' lang='lat' dir='ltr'>midis</span> <span class='ocrx_word' id='word_1_111' title='bbox 334 1906 517 1996; x_wconf 80' lang='lat' dir='ltr'>obsecrati,</span> <span class='ocrx_word' id='word_1_112' title='bbox 534 1907 645 1978; x_wconf 89' lang='lat' dir='ltr'>triduo</span> <span class='ocrx_word' id='word_1_113' title='bbox 665 1911 777 1978; x_wconf 86' lang='lat' dir='ltr'>navim</span> <span class='ocrx_word' id='word_1_114' title='bbox 791 1907 989 1979; x_wconf 87' lang='lat' dir='ltr'>ascendere:</span> <span class='ocrx_word' id='word_1_115' title='bbox 1005 1907 1083 1978; x_wconf 88' lang='lat' dir='ltr'>dein</span> <span class='ocrx_word' id='word_1_116' title='bbox 1101 1908 1195 1977; x_wconf 89' lang='lat' dir='ltr'>brevi</span> <span class='ocrx_word' id='word_1_117' title='bbox 1212 1909 1289 1978; x_wconf 90' lang='lat' dir='ltr'>Uti·</span> 
     </span>
     <span class='ocr_line' id='line_1_16' title="bbox 215 2013 1288 2110; baseline 0 -26"><span class='ocrx_word' id='word_1_118' title='bbox 215 2037 288 2084; x_wconf 86' lang='lat' dir='ltr'>eam</span> <span class='ocrx_word' id='word_1_119' title='bbox 311 2013 441 2110; x_wconf 82' lang='lat' dir='ltr'>appulsi</span> <span class='ocrx_word' id='word_1_120' title='bbox 464 2014 575 2086; x_wconf 83' lang='lat' dir='ltr'>literas</span> <span class='ocrx_word' id='word_1_121' title='bbox 598 2015 641 2084; x_wconf 90' lang='lat' dir='ltr'>ad</span> <span class='ocrx_word' id='word_1_122' title='bbox 671 2015 872 2110; x_wconf 83' lang='lat' dir='ltr'>Jugurtham</span> <span class='ocrx_word' id='word_1_123' title='bbox 892 2017 1044 2102; x_wconf 90' lang='lat' dir='ltr'>mittunt,</span> <span class='ocrx_word' id='word_1_124' title='bbox 1070 2038 1171 2109; x_wconf 89' lang='lat' dir='ltr'>quam</span> <span class='ocrx_word' id='word_1_125' title='bbox 1203 2015 1288 2084; x_wconf 87' lang='lat' dir='ltr'>ocis-</span> 
     </span>
     <span class='ocr_line' id='line_1_17' title="bbox 216 2121 1287 2217; baseline -0.001 -26"><span class='ocrx_word' id='word_1_126' title='bbox 216 2145 310 2191; x_wconf 87' lang='lat' dir='ltr'>sume</span> <span class='ocrx_word' id='word_1_127' title='bbox 321 2121 364 2191; x_wconf 93' lang='lat' dir='ltr'>ad</span> <span class='ocrx_word' id='word_1_128' title='bbox 377 2124 584 2217; x_wconf 83' lang='lat' dir='ltr'>provinciam</span> <span class='ocrx_word' id='word_1_129' title='bbox 602 2121 756 2210; x_wconf 90' lang='lat' dir='ltr'>aeeedat;</span> <span class='ocrx_word' id='word_1_130' title='bbox 767 2147 867 2216; x_wconf 88' lang='lat' dir='ltr'>seque</span> <span class='ocrx_word' id='word_1_131' title='bbox 879 2121 923 2190; x_wconf 87' lang='lat' dir='ltr'>ad</span> <span class='ocrx_word' id='word_1_132' title='bbox 937 2147 1014 2190; x_wconf 91' lang='lat' dir='ltr'>eum</span> <span class='ocrx_word' id='word_1_133' title='bbox 1023 2121 1066 2190; x_wconf 92' lang='lat' dir='ltr'>ab</span> <span class='ocrx_word' id='word_1_134' title='bbox 1076 2135 1192 2192; x_wconf 85' lang='lat' dir='ltr'>senatu</span> <span class='ocrx_word' id='word_1_135' title='bbox 1207 2122 1287 2190; x_wconf 92' lang='lat' dir='ltr'>mis·</span> 
     </span>
     <span class='ocr_line' id='line_1_18' title="bbox 216 2227 1287 2326; baseline -0.001 -29"><span class='ocrx_word' id='word_1_136' title='bbox 216 2253 277 2298; x_wconf 89' lang='lat' dir='ltr'>sos.</span> <span class='ocrx_word' id='word_1_137' title='bbox 297 2227 358 2298; x_wconf 90' lang='lat' dir='ltr'>Ille</span> <span class='ocrx_word' id='word_1_138' title='bbox 388 2230 447 2299; x_wconf 92' lang='lat' dir='ltr'>ubi</span> <span class='ocrx_word' id='word_1_139' title='bbox 475 2230 623 2326; x_wconf 79' lang='lat' dir='ltr'>aceepit,</span> <span class='ocrx_word' id='word_1_140' title='bbox 647 2229 799 2298; x_wconf 87' lang='lat' dir='ltr'>homines</span> <span class='ocrx_word' id='word_1_141' title='bbox 824 2227 951 2318; x_wconf 81' lang='lat' dir='ltr'>claros,</span> <span class='ocrx_word' id='word_1_142' title='bbox 971 2253 1114 2324; x_wconf 90' lang='lat' dir='ltr'>quorum</span> <span class='ocrx_word' id='word_1_143' title='bbox 1143 2229 1287 2298; x_wconf 87' lang='lat' dir='ltr'>auctori·</span> 
     </span>
    </p>
   </div>
   <div class='ocr_carea' id='block_1_4' title="bbox 214 2335 1288 2967">
    <p class='ocr_par' dir='ltr' id='par_1_5' title="bbox 214 2335 1288 2967">
     <span class='ocr_line' id='line_1_19' title="bbox 216 2335 1287 2432; baseline -0.002 -27"><span class='ocrx_word' id='word_1_144' title='bbox 216 2349 317 2406; x_wconf 88' lang='lat' dir='ltr'>tatem</span> <span class='ocrx_word' id='word_1_145' title='bbox 337 2339 454 2406; x_wconf 73' lang='lat' dir='ltr'>Romae</span> <span class='ocrx_word' id='word_1_146' title='bbox 483 2335 608 2432; x_wconf 87' lang='lat' dir='ltr'>pollere</span> <span class='ocrx_word' id='word_1_147' title='bbox 634 2335 829 2426; x_wconf 89' lang='lat' dir='ltr'>audiverat,</span> <span class='ocrx_word' id='word_1_148' title='bbox 850 2351 970 2406; x_wconf 86' lang='lat' dir='ltr'>eontra</span> <span class='ocrx_word' id='word_1_149' title='bbox 992 2338 1164 2431; x_wconf 87' lang='lat' dir='ltr'>inceptum</span> <span class='ocrx_word' id='word_1_150' title='bbox 1189 2359 1287 2404; x_wconf 91' lang='lat' dir='ltr'>suum</span> 
     </span>
     <span class='ocr_line' id='line_1_20' title="bbox 215 2441 1288 2539; baseline 0.002 -29"><span class='ocrx_word' id='word_1_151' title='bbox 215 2441 383 2532; x_wconf 84' lang='lat' dir='ltr'>venisse²3</span> <span class='ocrx_word' id='word_1_152' title='bbox 397 2445 506 2539; x_wconf 93' lang='lat' dir='ltr'>primo</span> <span class='ocrx_word' id='word_1_153' title='bbox 525 2457 727 2533; x_wconf 83' lang='lat' dir='ltr'>commotus,</span> <span class='ocrx_word' id='word_1_154' title='bbox 740 2457 832 2513; x_wconf 90' lang='lat' dir='ltr'>metu</span> <span class='ocrx_word' id='word_1_155' title='bbox 849 2457 948 2539; x_wconf 80' lang='lat' dir='ltr'>atque</span> <span class='ocrx_word' id='word_1_156' title='bbox 960 2441 1114 2516; x_wconf 86' lang='lat' dir='ltr'>lubidine</span> <span class='ocrx_word' id='word_1_157' title='bbox 1134 2442 1288 2512; x_wconf 89' lang='lat' dir='ltr'>divorsus</span> 
     </span>
     <span class='ocr_line' id='line_1_21' title="bbox 217 2547 1286 2646; baseline -0.001 -27"><span class='ocrx_word' id='word_1_158' title='bbox 217 2551 413 2644; x_wconf 81' lang='lat' dir='ltr'>agitabatur.</span> <span class='ocrx_word' id='word_1_159' title='bbox 442 2551 595 2621; x_wconf 84' lang='lat' dir='ltr'>Timebat</span> <span class='ocrx_word' id='word_1_160' title='bbox 622 2553 707 2620; x_wconf 83' lang='lat' dir='ltr'>iram</span> <span class='ocrx_word' id='word_1_161' title='bbox 736 2552 862 2640; x_wconf 89' lang='lat' dir='ltr'>senati,</span> <span class='ocrx_word' id='word_1_162' title='bbox 891 2551 926 2619; x_wconf 92' lang='lat' dir='ltr'>ni</span> <span class='ocrx_word' id='word_1_163' title='bbox 955 2551 1119 2646; x_wconf 84' lang='lat' dir='ltr'>paruisset</span> <span class='ocrx_word' id='word_1_164' title='bbox 1146 2547 1286 2645; x_wconf 81' lang='lat' dir='ltr'>legatis:</span> 
     </span>
     <span class='ocr_line' id='line_1_22' title="bbox 216 2655 1287 2754; baseline -0.001 -28"><span class='ocrx_word' id='word_1_165' title='bbox 216 2680 317 2751; x_wconf 87' lang='lat' dir='ltr'>porro</span> <span class='ocrx_word' id='word_1_166' title='bbox 337 2659 466 2728; x_wconf 90' lang='lat' dir='ltr'>animus</span> <span class='ocrx_word' id='word_1_167' title='bbox 492 2658 646 2754; x_wconf 88' lang='lat' dir='ltr'>cupidine</span> <span class='ocrx_word' id='word_1_168' title='bbox 668 2683 775 2728; x_wconf 72' lang='lat' dir='ltr'>caecus</span> <span class='ocrx_word' id='word_1_169' title='bbox 797 2657 839 2728; x_wconf 92' lang='lat' dir='ltr'>ad</span> <span class='ocrx_word' id='word_1_170' title='bbox 860 2659 1031 2752; x_wconf 86' lang='lat' dir='ltr'>inceptum</span> <span class='ocrx_word' id='word_1_171' title='bbox 1049 2655 1155 2727; x_wconf 87' lang='lat' dir='ltr'>scelus</span> <span class='ocrx_word' id='word_1_172' title='bbox 1180 2659 1287 2752; x_wconf 89' lang='lat' dir='ltr'>rapie-</span> 
     </span>
     <span class='ocr_line' id='line_1_23' title="bbox 217 2759 1286 2862; baseline 0.001 -31"><span class='ocrx_word' id='word_1_173' title='bbox 217 2759 283 2837; x_wconf 88' lang='lat' dir='ltr'>bat.</span> <span class='ocrx_word' id='word_1_174' title='bbox 299 2765 389 2834; x_wconf 83' lang='lat' dir='ltr'>Vicit</span> <span class='ocrx_word' id='word_1_175' title='bbox 405 2779 517 2834; x_wconf 92' lang='lat' dir='ltr'>tamen</span> <span class='ocrx_word' id='word_1_176' title='bbox 533 2767 568 2834; x_wconf 91' lang='lat' dir='ltr'>in</span> <span class='ocrx_word' id='word_1_177' title='bbox 583 2765 682 2835; x_wconf 89' lang='lat' dir='ltr'>avido</span> <span class='ocrx_word' id='word_1_178' title='bbox 700 2765 833 2861; x_wconf 85' lang='lat' dir='ltr'>ingenio</span> <span class='ocrx_word' id='word_1_179' title='bbox 850 2785 993 2862; x_wconf 86' lang='lat' dir='ltr'>pravum</span> <span class='ocrx_word' id='word_1_180' title='bbox 1013 2763 1197 2835; x_wconf 89' lang='lat' dir='ltr'>consilium.</span> <span class='ocrx_word' id='word_1_181' title='bbox 1218 2764 1286 2860; x_wconf 78' lang='lat' dir='ltr'>Igi-</span> 
     </span>
     <span class='ocr_line' id='line_1_24' title="bbox 214 2857 1287 2967; baseline 0.001 -28"><span class='ocrx_word' id='word_1_182' title='bbox 214 2883 287 2960; x_wconf 88' lang='lat' dir='ltr'>tur,</span> <span class='ocrx_word' id='word_1_183' title='bbox 308 2873 455 2942; x_wconf 83' lang='lat' dir='ltr'>exercitu</span> <span class='ocrx_word' id='word_1_184' title='bbox 479 2857 717 2960; x_wconf 81' lang='lat' dir='ltr'>circumdato³,</span> <span class='ocrx_word' id='word_1_185' title='bbox 739 2897 869 2944; x_wconf 89' lang='lat' dir='ltr'>summa</span> <span class='ocrx_word' id='word_1_186' title='bbox 890 2874 925 2942; x_wconf 84' lang='lat' dir='ltr'>vi</span> <span class='ocrx_word' id='word_1_187' title='bbox 944 2873 1074 2942; x_wconf 91' lang='lat' dir='ltr'>Cirtam</span> <span class='ocrx_word' id='word_1_188' title='bbox 1101 2874 1287 2967; x_wconf 84' lang='lat' dir='ltr'>irrumpere</span> 
     </span>
    </p>
   </div>
   <div class='ocr_carea' id='block_1_5' title="bbox 213 3054 1287 4177">
    <p class='ocr_par' dir='ltr' id='par_1_6' title="bbox 213 3054 1287 4177">
     <span class='ocr_line' id='line_1_25' title="bbox 216 3054 1284 3130; baseline 0 -20"><span class='ocrx_word' id='word_1_189' title='bbox 216 3054 305 3128; x_wconf 79' lang='lat' dir='ltr'>quida</span> <span class='ocrx_word' id='word_1_190' title='bbox 317 3055 627 3129; x_wconf 74' lang='lat' dir='ltr'>sedepellatur3diqnid</span> <span class='ocrx_word' id='word_1_191' title='bbox 642 3057 729 3130; x_wconf 79' lang='lat' dir='ltr'>preri-</span> <span class='ocrx_word' id='word_1_192' title='bbox 814 3078 841 3113; x_wconf 80' lang='lat' dir='ltr'>a.</span> <span class='ocrx_word' id='word_1_193' title='bbox 860 3057 953 3112; x_wconf 77' lang='lat' dir='ltr'>Contra</span> <span class='ocrx_word' id='word_1_194' title='bbox 967 3062 1084 3130; x_wconf 71' lang='lat' dir='ltr'>inceptem·</span> <span class='ocrx_word' id='word_1_195' title='bbox 1099 3077 1167 3110; x_wconf 75' lang='lat' dir='ltr'>surm</span> <span class='ocrx_word' id='word_1_196' title='bbox 1182 3059 1284 3110; x_wconf 69' lang='lat' dir='ltr'>misse.</span> 
     </span>
     <span class='ocr_line' id='line_1_26' title="bbox 217 3137 1286 3210; baseline -0.002 -18"><span class='ocrx_word' id='word_1_197' title='bbox 217 3137 266 3192; x_wconf 76' lang='lat' dir='ltr'>bru</span> <span class='ocrx_word' id='word_1_198' title='bbox 276 3155 407 3193; x_wconf 68' lang='lat' dir='ltr'>umorue.</span> <span class='ocrx_word' id='word_1_199' title='bbox 420 3137 483 3192; x_wconf 83' lang='lat' dir='ltr'>Non</span> <span class='ocrx_word' id='word_1_200' title='bbox 490 3177 499 3204; x_wconf 94' lang='lat'>,</span> <span class='ocrx_word' id='word_1_201' title='bbox 507 3138 729 3210; x_wconf 81' lang='lat' dir='ltr'>inquit,mortem</span> <span class='ocrx_word' id='word_1_202' title='bbox 774 3139 873 3192; x_wconf 73' lang='lat' dir='ltr'>Venisse</span> <span class='ocrx_word' id='word_1_203' title='bbox 880 3151 910 3192; x_wconf 85' lang='lat' dir='ltr'>ut</span> <span class='ocrx_word' id='word_1_204' title='bbox 917 3139 1005 3210; x_wconf 86' lang='lat' dir='ltr'>ipsum</span> <span class='ocrx_word' id='word_1_205' title='bbox 1013 3139 1047 3192; x_wconf 83' lang='lat' dir='ltr'>ab</span> <span class='ocrx_word' id='word_1_206' title='bbox 1054 3137 1161 3210; x_wconf 82' lang='lat' dir='ltr'>incepto</span> <span class='ocrx_word' id='word_1_207' title='bbox 1167 3156 1216 3192; x_wconf 85' lang='lat' dir='ltr'>uro</span> <span class='ocrx_word' id='word_1_208' title='bbox 1221 3155 1286 3209; x_wconf 86' lang='lat' dir='ltr'>pro·</span> 
     </span>
     <span class='ocr_line' id='line_1_27' title="bbox 218 3215 1286 3290; baseline -0.002 -19"><span class='ocrx_word' id='word_1_209' title='bbox 218 3215 361 3290; x_wconf 70' lang='lat' dir='ltr'>depressor,</span> <span class='ocrx_word' id='word_1_210' title='bbox 374 3219 396 3272; x_wconf 85' lang='lat' dir='ltr'>si</span> <span class='ocrx_word' id='word_1_211' title='bbox 410 3218 481 3272; x_wconf 86' lang='lat' dir='ltr'>mori</span> <span class='ocrx_word' id='word_1_212' title='bbox 495 3237 538 3271; x_wconf 82' lang='lat' dir='ltr'>ine</span> <span class='ocrx_word' id='word_1_213' title='bbox 552 3235 658 3286; x_wconf 62' lang='lat' dir='ltr'>neem</span> <span class='ocrx_word' id='word_1_214' title='bbox 669 3231 727 3273; x_wconf 77' lang='lat' dir='ltr'>ert:</span> <span class='ocrx_word' id='word_1_215' title='bbox 771 3218 905 3272; x_wconf 73' lang='lat' dir='ltr'>biberunt.</span> <span class='ocrx_word' id='word_1_216' title='bbox 914 3219 1079 3272; x_wconf 73' lang='lat' dir='ltr'>—Dr&#39;rorrus</span> <span class='ocrx_word' id='word_1_217' title='bbox 1093 3218 1240 3288; x_wconf 63' lang='lat' dir='ltr'>agitabatur.</span> <span class='ocrx_word' id='word_1_218' title='bbox 1253 3218 1286 3269; x_wconf 89' lang='lat' dir='ltr'>In</span> 
     </span>
     <span class='ocr_line' id='line_1_28' title="bbox 215 3295 1285 3370; baseline -0.004 -18"><span class='ocrx_word' id='word_1_219' title='bbox 215 3315 310 3370; x_wconf 79' lang='lat' dir='ltr'>preem</span> <span class='ocrx_word' id='word_1_220' title='bbox 321 3295 517 3364; x_wconf 79' lang='lat' dir='ltr'>tautummodo,</span> <span class='ocrx_word' id='word_1_221' title='bbox 528 3317 562 3353; x_wconf 89' lang='lat' dir='ltr'>ne</span> <span class='ocrx_word' id='word_1_222' title='bbox 574 3315 590 3353; x_wconf 82' lang='lat' dir='ltr'>a</span> <span class='ocrx_word' id='word_1_223' title='bbox 600 3296 729 3353; x_wconf 77' lang='lat' dir='ltr'>erudelis·</span> <span class='ocrx_word' id='word_1_224' title='bbox 771 3296 907 3352; x_wconf 78' lang='lat' dir='ltr'>diversum</span> <span class='ocrx_word' id='word_1_225' title='bbox 916 3298 1050 3368; x_wconf 72' lang='lat' dir='ltr'>agebatur.</span> <span class='ocrx_word' id='word_1_226' title='bbox 1062 3297 1132 3351; x_wconf 83' lang='lat' dir='ltr'>Hinc</span> <span class='ocrx_word' id='word_1_227' title='bbox 1141 3307 1242 3361; x_wconf 83' lang='lat' dir='ltr'>metus,</span> <span class='ocrx_word' id='word_1_228' title='bbox 1252 3297 1285 3348; x_wconf 90' lang='lat' dir='ltr'>il-</span> 
     </span>
     <span class='ocr_line' id='line_1_29' title="bbox 215 3374 1287 3447; baseline -0.003 -16"><span class='ocrx_word' id='word_1_229' title='bbox 215 3377 282 3431; x_wconf 85' lang='lat' dir='ltr'>simu</span> <span class='ocrx_word' id='word_1_230' title='bbox 304 3378 428 3433; x_wconf 71' lang='lat' dir='ltr'>nunides</span> <span class='ocrx_word' id='word_1_231' title='bbox 442 3379 605 3434; x_wconf 75' lang='lat' dir='ltr'>enmueianu</span> <span class='ocrx_word' id='word_1_232' title='bbox 620 3381 728 3433; x_wconf 82' lang='lat' dir='ltr'>moriar.</span> <span class='ocrx_word' id='word_1_233' title='bbox 770 3374 1287 3447; x_wconf 77' lang='lat' dir='ltr'>linelibidoeumineontrariampartem</span> 
     </span>
     <span class='ocr_line' id='line_1_30' title="bbox 216 3455 1284 3533; baseline -0.003 -23"><span class='ocrx_word' id='word_1_234' title='bbox 216 3455 728 3533; x_wconf 66' lang='lat' dir='ltr'>Nonreensoaernmnamiregnoetpa·</span> <span class='ocrx_word' id='word_1_235' title='bbox 770 3456 1284 3527; x_wconf 69' lang='lat' dir='ltr'>trabebant-Pomllxalteruparte.</span> 
     </span>
     <span class='ocr_line' id='line_1_31' title="bbox 214 3535 1285 3603; baseline -0.005 -10"><span class='ocrx_word' id='word_1_236' title='bbox 214 3537 265 3590; x_wconf 76' lang='lat' dir='ltr'>uta</span> <span class='ocrx_word' id='word_1_237' title='bbox 277 3537 306 3592; x_wconf 89' lang='lat' dir='ltr'>iu</span> <span class='ocrx_word' id='word_1_238' title='bbox 315 3551 445 3594; x_wconf 67' lang='lat' dir='ltr'>mum</span> <span class='ocrx_word' id='word_1_239' title='bbox 453 3541 562 3594; x_wconf 78' lang='lat' dir='ltr'>orbatus</span> <span class='ocrx_word' id='word_1_240' title='bbox 573 3539 729 3594; x_wconf 65' lang='lat' dir='ltr'>sumtiliter</span> <span class='ocrx_word' id='word_1_241' title='bbox 770 3535 873 3591; x_wconf 84' lang='lat' dir='ltr'>Eodem</span> <span class='ocrx_word' id='word_1_242' title='bbox 883 3554 975 3603; x_wconf 68' lang='lat' dir='ltr'>meu,</span> <span class='ocrx_word' id='word_1_243' title='bbox 983 3535 1168 3590; x_wconf 63' lang='lat' dir='ltr'>ctutxm:</span> <span class='ocrx_word' id='word_1_244' title='bbox 1177 3561 1189 3582; x_wconf 76' lang='grc' dir='ltr'>ι</span> <span class='ocrx_word' id='word_1_245' title='bbox 1200 3536 1285 3588; x_wconf 73' lang='lat' dir='ltr'>Lora·</span> 
     </span>
     <span class='ocr_line' id='line_1_32' title="bbox 215 3615 1284 3698; baseline -0.003 -26"><span class='ocrx_word' id='word_1_246' title='bbox 215 3615 274 3686; x_wconf 79' lang='lat' dir='ltr'>eim,</span> <span class='ocrx_word' id='word_1_247' title='bbox 283 3619 517 3675; x_wconf 79' lang='lat' dir='ltr'>atsaltemininaiei</span> <span class='ocrx_word' id='word_1_248' title='bbox 526 3620 669 3693; x_wconf 82' lang='lat' dir='ltr'>imperinm</span> <span class='ocrx_word' id='word_1_249' title='bbox 677 3619 728 3674; x_wconf 79' lang='lat' dir='ltr'>fu-</span> <span class='ocrx_word' id='word_1_250' title='bbox 769 3618 849 3671; x_wconf 84' lang='lat' dir='ltr'>brtur</span> <span class='ocrx_word' id='word_1_251' title='bbox 848 3656 906 3672; x_wconf 88' lang='grc'><strong>......</strong></span> <span class='ocrx_word' id='word_1_252' title='bbox 920 3617 1055 3671; x_wconf 75' lang='lat' dir='ltr'>eiriutenr</span> <span class='ocrx_word' id='word_1_253' title='bbox 1069 3615 1194 3698; x_wconf 82' lang='lat' dir='ltr'>perieulis</span> <span class='ocrx_word' id='word_1_254' title='bbox 1207 3633 1284 3687; x_wconf 82' lang='lat' dir='ltr'>erep·</span> 
     </span>
     <span class='ocr_line' id='line_1_33' title="bbox 216 3695 1284 3773; baseline -0.006 -19"><span class='ocrx_word' id='word_1_255' title='bbox 216 3708 310 3770; x_wconf 78' lang='lat' dir='ltr'>tuaque</span> <span class='ocrx_word' id='word_1_256' title='bbox 323 3701 452 3772; x_wconf 79' lang='lat' dir='ltr'>superbos</span> <span class='ocrx_word' id='word_1_257' title='bbox 466 3719 523 3754; x_wconf 85' lang='lat' dir='ltr'>uon</span> <span class='ocrx_word' id='word_1_258' title='bbox 537 3701 679 3773; x_wconf 79' lang='lat' dir='ltr'>perferam.</span> <span class='ocrx_word' id='word_1_259' title='bbox 770 3711 825 3751; x_wconf 81' lang='lat' dir='ltr'>tam</span> <span class='ocrx_word' id='word_1_260' title='bbox 839 3715 911 3765; x_wconf 55' lang='grc' dir='ltr'>οπεος</span> <span class='ocrx_word' id='word_1_261' title='bbox 918 3715 994 3770; x_wconf 84' lang='lat' dir='ltr'>porra</span> <span class='ocrx_word' id='word_1_262' title='bbox 1006 3709 1095 3752; x_wconf 82' lang='lat' dir='ltr'>autem</span> <span class='ocrx_word' id='word_1_263' title='bbox 1105 3695 1199 3750; x_wconf 81' lang='lat' dir='ltr'>anxius</span> <span class='ocrx_word' id='word_1_264' title='bbox 1214 3707 1284 3763; x_wconf 83' lang='lat' dir='ltr'>erat,</span> 
     </span>
     <span class='ocr_line' id='line_1_34' title="bbox 255 3775 1284 3836; baseline -0.003 -5"><span class='ocrx_word' id='word_1_265' title='bbox 255 3777 417 3834; x_wconf 70' lang='lat' dir='ltr'>cmxxv.</span> <span class='ocrx_word' id='word_1_266' title='bbox 430 3799 455 3835; x_wconf 90' lang='lat' dir='ltr'>r.</span> <span class='ocrx_word' id='word_1_267' title='bbox 470 3782 501 3834; x_wconf 81' lang='lat' dir='ltr'>In</span> <span class='ocrx_word' id='word_1_268' title='bbox 513 3780 604 3836; x_wconf 66' lang='lat' dir='ltr'>inretire</span> <span class='ocrx_word' id='word_1_269' title='bbox 617 3799 654 3833; x_wconf 79' lang='lat' dir='ltr'>rer</span> <span class='ocrx_word' id='word_1_270' title='bbox 666 3791 727 3834; x_wconf 81' lang='lat' dir='ltr'>emt.</span> <span class='ocrx_word' id='word_1_271' title='bbox 771 3791 820 3833; x_wconf 83' lang='lat' dir='ltr'>ate.</span> <span class='ocrx_word' id='word_1_272' title='bbox 832 3805 844 3827; x_wconf 78' lang='grc' dir='ltr'><strong><em>ι</em></strong></span> <span class='ocrx_word' id='word_1_273' title='bbox 857 3809 899 3821; x_wconf 89' lang='grc'>-</span> <span class='ocrx_word' id='word_1_274' title='bbox 912 3779 981 3831; x_wconf 78' lang='lat' dir='ltr'>Vicit</span> <span class='ocrx_word' id='word_1_275' title='bbox 1001 3789 1088 3834; x_wconf 77' lang='lat' dir='ltr'>tam.</span> <span class='ocrx_word' id='word_1_276' title='bbox 1107 3776 1214 3830; x_wconf 77' lang='lat' dir='ltr'>Novum</span> <span class='ocrx_word' id='word_1_277' title='bbox 1234 3775 1284 3829; x_wconf 83' lang='lat' dir='ltr'>Ju·</span> 
     </span>
     <span class='ocr_line' id='line_1_35' title="bbox 214 3857 1283 3942; baseline -0.004 -30"><span class='ocrx_word' id='word_1_278' title='bbox 214 3858 266 3912; x_wconf 79' lang='lat' dir='ltr'>Res</span> <span class='ocrx_word' id='word_1_279' title='bbox 288 3875 396 3931; x_wconf 71' lang='lat' dir='ltr'>gravem</span> <span class='ocrx_word' id='word_1_280' title='bbox 417 3859 547 3915; x_wconf 77' lang='lat' dir='ltr'>invidiam</span> <span class='ocrx_word' id='word_1_281' title='bbox 567 3859 728 3934; x_wconf 69' lang='lat' dir='ltr'>indignatis·</span> <span class='ocrx_word' id='word_1_282' title='bbox 769 3859 902 3932; x_wconf 63' lang='lat' dir='ltr'>gnrtbinu</span> <span class='ocrx_word' id='word_1_283' title='bbox 916 3857 1014 3912; x_wconf 84' lang='lat' dir='ltr'>indolis</span> <span class='ocrx_word' id='word_1_284' title='bbox 1036 3857 1202 3929; x_wconf 76' lang='lat' dir='ltr'>exemplum,</span> <span class='ocrx_word' id='word_1_285' title='bbox 1215 3873 1283 3942; x_wconf 80' lang='lat' dir='ltr'>pras·</span> 
     </span>
     <span class='ocr_line' id='line_1_36' title="bbox 213 3935 1284 4014; baseline -0.004 -21"><span class='ocrx_word' id='word_1_286' title='bbox 213 3954 329 4013; x_wconf 83' lang='lat' dir='ltr'>nemque</span> <span class='ocrx_word' id='word_1_287' title='bbox 338 3943 473 4009; x_wconf 79' lang='lat' dir='ltr'>movebet,</span> <span class='ocrx_word' id='word_1_288' title='bbox 482 3954 540 3995; x_wconf 84' lang='lat' dir='ltr'>tam</span> <span class='ocrx_word' id='word_1_289' title='bbox 549 3953 660 4014; x_wconf 84' lang='lat' dir='ltr'>propter</span> <span class='ocrx_word' id='word_1_290' title='bbox 670 3959 728 3996; x_wconf 85' lang='lat' dir='ltr'>eru·</span> <span class='ocrx_word' id='word_1_291' title='bbox 769 3940 837 3994; x_wconf 81' lang='lat' dir='ltr'>senti</span> <span class='ocrx_word' id='word_1_292' title='bbox 846 3937 953 3994; x_wconf 83' lang='lat' dir='ltr'>libidini</span> <span class='ocrx_word' id='word_1_293' title='bbox 965 3936 1141 4010; x_wconf 67' lang='lat' dir='ltr'>indulgentis,</span> <span class='ocrx_word' id='word_1_294' title='bbox 1151 3935 1284 4010; x_wconf 77' lang='lat' dir='ltr'>quidquid</span> 
     </span>
     <span class='ocr_line' id='line_1_37' title="bbox 213 4015 1121 4095; baseline -0.002 -22"><span class='ocrx_word' id='word_1_295' title='bbox 213 4015 350 4074; x_wconf 72' lang='lat' dir='ltr'>datiuum</span> <span class='ocrx_word' id='word_1_296' title='bbox 361 4021 516 4093; x_wconf 69' lang='lat' dir='ltr'>lugentia,</span> <span class='ocrx_word' id='word_1_297' title='bbox 532 4033 589 4076; x_wconf 78' lang='lat' dir='ltr'>rum</span> <span class='ocrx_word' id='word_1_298' title='bbox 603 4020 678 4095; x_wconf 82' lang='lat' dir='ltr'>quod</span> <span class='ocrx_word' id='word_1_299' title='bbox 692 4023 728 4076; x_wconf 82' lang='lat' dir='ltr'>te·</span> <span class='ocrx_word' id='word_1_300' title='bbox 769 4019 798 4074; x_wconf 82' lang='lat' dir='ltr'>in</span> <span class='ocrx_word' id='word_1_301' title='bbox 812 4031 949 4093; x_wconf 70' lang='lat' dir='ltr'>posterum</span> <span class='ocrx_word' id='word_1_302' title='bbox 963 4018 1121 4072; x_wconf 71' lang='lat' dir='ltr'>mmineret</span> 
     </span>
     <span class='ocr_line' id='line_1_38' title="bbox 215 4098 1286 4177; baseline 0.001 -21"><span class='ocrx_word' id='word_1_303' title='bbox 215 4099 281 4168; x_wconf 69' lang='lat' dir='ltr'>fletis</span> <span class='ocrx_word' id='word_1_304' title='bbox 295 4101 341 4156; x_wconf 84' lang='lat' dir='ltr'>ille</span> <span class='ocrx_word' id='word_1_305' title='bbox 355 4119 411 4157; x_wconf 87' lang='lat' dir='ltr'>non</span> <span class='ocrx_word' id='word_1_306' title='bbox 425 4104 561 4175; x_wconf 75' lang='lat' dir='ltr'>puniisset.</span> <span class='ocrx_word' id='word_1_307' title='bbox 813 4098 1286 4177; x_wconf 53' lang='lat' dir='ltr'>temperamentumque</span> 
     </span>
    </p>
   </div>
   <div class='ocr_carea' id='block_1_6' title="bbox 0 0 1483 4646">
    <p class='ocr_par' dir='ltr' id='par_1_7' title="bbox 0 0 1483 4646">
     <span class='ocr_line' id='line_1_39' title="bbox 0 0 1483 4646; baseline 0 0"><span class='ocrx_word' id='word_1_308' title='bbox 0 0 1483 4646; x_wconf 95' lang='lat' dir='ltr'> </span> 
     </span>
    </p>
   </div>
  </div>
 </body>
</html>
