2938 4654
235 395 308 474 aba
483 405 521 473 C.
551 402 726 473 CRISPI
754 401 1035 472 SALLUSTII

232 561 336 629 quum
358 561 419 631 pro
437 535 581 624 honore,
601 560 700 630 quem
722 533 927 622 adfectabat,
941 549 1013 603 tum
1035 545 1151 602 contra
1171 528 1293 600 Metel-

233 641 302 710 lum
320 641 533 712 vehementer
554 643 759 713 accenderat.
780 646 832 712 Ita
852 641 1006 736 cupidine
1024 655 1123 734 atque
1139 641 1189 707 ira
1195 661 1293 732 ‚·pes

232 751 334 818 sumis
358 749 616 820 consultoribus
611 751 810 844 ,grassari
836 773 943 842 neque
966 747 1053 818 facto
1076 745 1162 833 ullo,
1187 768 1293 838 neque

232 853 322 923 dicto
339 856 523 946 abstinere,
545 857 635 952 quod
657 857 757 926 modo
779 841 1010 924 ambitiosum⁴
1033 853 1139 922 foret.
1162 850 1293 939 milites,

232 961 373 1054 quibus
365 988 398 1030 m
412 963 558 1032 hibernis
580 979 737 1059 praeerat,
753 963 901 1031 laxiore
892 962 1047 1057 imperio,
1060 984 1160 1055 quam
1182 972 1293 1045 antea,

230 1065 382 1137 habere:
375 1071 494 1164 ·apud
524 1073 765 1165 negotiatores,
794 1094 936 1164 quorum
966 1091 1086 1161 magna
1115 1063 1293 1136 multitudo

230 1175 339 1244 Uticae
366 1190 456 1264 erat,
479 1179 655 1248 criminose
682 1175 799 1265 simul,
822 1191 855 1246 et
876 1175 1049 1270 magnifice
1071 1174 1112 1242 de
1133 1161 1220 1242 hello
1240 1170 1292 1239 lo-

229 1282 320 1374 qui:
348 1231 483 1352 dimidia
510 1309 586 1379 pars
613 1285 775 1354 exereitus
800 1283 861 1352 sibi
884 1284 1154 1377 permitteretur,
1179 1279 1293 1374 paucis

228 1386 344 1458 diebus
371 1391 570 1485 Jugnrtham
592 1393 627 1460 in
649 1392 771 1460 catenis
793 1390 1008 1458 habiturum:
1031 1389 1074 1457 ab
1094 1389 1294 1482 imperatore

229 1495 380 1564 consulto
409 1497 515 1586 trahi,
535 1497 625 1592 quod
647 1498 749 1566 homo
770 1497 896 1580 inanis,
918 1511 953 1565 et
985 1497 1081 1589 regiae
1106 1492 1292 1588 superbiae,

226 1599 366 1694 imperio
391 1603 487 1671 nimis
506 1605 672 1699 gauderet.
696 1605 781 1693 Quae
803 1603 915 1673 omnia
933 1601 994 1670 illis
1014 1627 1054 1671 eo
1076 1599 1224 1670 firmiora
1238 1599 1291 1666 vi-

226 1704 406 1793 debantur,
427 1711 518 1803 quod
538 1710 754 1779 diuturnitate
774 1708 850 1778 belli
872 1735 924 1780 res
943 1699 1118 1778 familiares
1134 1730 1291 1802 corrupe-

192 1856 195 1862 ,
227 1827 322 1902 rant;
341 1830 374 1883 et
391 1817 502 1886 animo
519 1818 664 1912 cupienti
681 1815 763 1886 nihil
781 1819 858 1886 satis
877 1817 1058 1886 festinatur.

279 1922 384 1992 LXV.
412 1927 494 1992 Erat
514 1939 674 2019 praeterea
694 1926 727 1992 in
747 1926 892 1994 exercitu
914 1938 1027 1992 nostro
1049 1919 1193 1992 Numida
1215 1920 1292 2014 qui-

226 2025 319 2115 dam,
330 2031 463 2100 nomine
476 2033 612 2121 Gauda,
621 2031 857 2102 Manastabalis
870 2030 971 2119 filius,
981 2030 1161 2098 Masinissa
1173 2051 1291 2121 nepos,

225 2157 325 2226 quem
341 2133 481 2232 Micipsa
496 2153 693 2208 testamento
712 2139 893 2208 secundum
908 2135 1082 2206 heredem¹
1101 2136 1292 2229 scripserat,

224 2241 350 2312 morbis
378 2246 572 2333 confectus,
595 2261 628 2315 et
649 2246 694 2315 ob
721 2271 793 2316 eam
821 2269 971 2316 caussam
1001 2258 1112 2312 mente
1142 2239 1291 2336 paullum

222 2347 406 2420 imminuta.
432 2353 496 2420 Cui
520 2352 674 2422 Metellus
695 2354 841 2447 petenti,
859 2376 951 2421 more
970 2375 1086 2445 regum
1109 2350 1156 2416 uti
1177 2345 1290 2416 sellam

218 2453 312 2546 juxta
324 2457 493 2550 poneret’,
505 2461 583 2528 item
598 2473 727 2555 postea,
745 2457 902 2529 custodite
918 2479 1032 2528 caussa
1042 2469 1187 2525 turmam
1199 2454 1290 2548 equi·

261 2663 288 2718 4.
305 2656 472 2710 Ambitiosmu.
484 2657 527 2712 Ad
539 2658 733 2713 conciliandam
776 2678 840 2711 mox
860 2659 888 2710 in
912 2658 1036 2730 superbas
1056 2655 1172 2726 erumpit
1196 2673 1289 2721 voces,

221 2731 272 2786 sibi
286 2737 396 2806 gratiam
416 2739 559 2810 pertinens.
581 2737 652 2792 Vide
674 2759 732 2810 sup.
777 2740 873 2810 quibus
889 2757 916 2790 se
935 2738 1035 2792 Marius
1053 2738 1128 2789 omni
1145 2737 1201 2807 jam
1215 2753 1290 2788 vere·

220 2813 311 2879 XLV,
320 2835 347 2868 n.
361 2835 390 2883 1,
404 2815 562 2872 adverbum
573 2819 732 2872 ambitionem.
777 2817 874 2871 cundia
889 2819 1005 2871 solutum
1019 2831 1091 2870 ratus
1104 2828 1150 2869 est.
1165 2813 1233 2868 Inde
1247 2815 1289 2868 in·

219 2893 662 2952 -Crimiuose.Criminationesin
675 2900 732 2952 Me·
776 2897 879 2952 dictum
908 2899 941 2950 ab
969 2917 1001 2951 eo
1028 2896 1161 2950 nobilitati
1189 2895 1290 2948 bellum

220 2971 313 3028 tellum
340 2976 513 3048 conjiciendo.
535 3009 574 3021 -
593 2977 732 3049 Magnifice.
776 2978 944 3051 inexpiabile.
952 2976 1003 3030 Sed
1011 2977 1111 3030 Metelli
1120 2994 1288 3048 responsum,

219 3051 317 3125 Magna
332 3054 366 3108 de
381 3077 415 3110 se.
421 3057 553 3130 jactando.
776 3057 850 3132 quod
872 3079 886 3111 a
908 3071 963 3110 tota
983 3058 1121 3112 nobilitate
1139 3056 1289 3128 profectum

260 3134 320 3190 Hoc
337 3149 416 3209 caput
435 3156 496 3190 cum
514 3137 651 3210 superiore
672 3157 734 3192 vere
777 3137 862 3192 videri
884 3151 1004 3210 poterat,
1024 3137 1127 3190 occasio
1146 3136 1210 3202 suit,
1233 3154 1289 3189 non

221 3211 301 3286 digna
316 3230 393 3283 suut,
411 3237 469 3291 que
488 3217 636 3272 studiosum
655 3219 734 3272 lecto·
777 3239 866 3285 causa,
879 3232 958 3272 tantae
971 3217 1156 3271 dimicationis.
1167 3215 1290 3282 Qualem·

219 3311 277 3347 rem
293 3310 320 3351 et
331 3298 457 3352 varietate
468 3319 559 3352 rerum
570 3311 596 3352 et
607 3299 733 3370 gravitate
776 3318 891 3370 cumque
915 3300 1049 3352 consulem
1077 3309 1170 3350 nactus
1197 3295 1290 3349 luisset

220 3371 365 3432 detineant.
388 3381 506 3452 Apparet
527 3380 615 3451 primo
639 3399 733 3451 magna
776 3380 890 3444 Marius,
910 3398 965 3432 non
986 3377 1138 3450 quievisset,
1156 3375 1207 3428 illie
1222 3393 1290 3446 prae·

219 3455 299 3510 Marii
309 3460 396 3525 facies,
405 3478 489 3532 quum
497 3461 606 3532 egregiis
615 3457 732 3526 dotibus,
776 3461 867 3512 sertim
889 3459 1071 3531 temporibus,
1095 3475 1126 3510 ea
1153 3456 1288 3508 honorum

220 3548 278 3591 tum
287 3541 368 3593 animi
377 3540 522 3612 cupiditate
531 3539 564 3593 ad
574 3538 733 3611 capiendum
776 3539 916 3612 cupiditas.

220 3620 386 3673 consulatum
397 3621 482 3691 parati
493 3639 499 3672 :
510 3619 556 3673 sed
565 3621 651 3673 obstat
658 3620 732 3691 quasi
817 3621 880 3674 Car.
891 3619 977 3673 LXV.
992 3637 1015 3672 t.
1028 3616 1162 3672 Secundum
1171 3613 1286 3667 heredem.

219 3715 313 3753 murus
321 3700 450 3766 aheneus,
460 3699 592 3752 nobilium
599 3701 730 3771 superbia.
776 3701 829 3766 Qui
844 3697 1018 3754 hereditatem
1032 3697 1131 3759 adiret,
1152 3696 1174 3749 si
1189 3695 1288 3748 mortni

219 3777 324 3833 Deinde
338 3779 473 3844 Metellus,
490 3797 539 3850 per
557 3797 584 3831 se
602 3779 731 3852 optimus,
776 3795 861 3834 essent
874 3781 931 3834 sine
948 3777 1046 3833 herede
1061 3776 1116 3831 duo
1133 3774 1183 3828 filii
1198 3788 1225 3828 et
1238 3775 1286 3827 Ju-

220 3856 267 3910 sed
280 3859 321 3912 sui
332 3857 435 3912 ordinis
446 3859 548 3911 animos
563 3876 668 3928 gerens,
687 3860 731 3913 rix
775 3861 887 3932 gurtha,
907 3860 988 3932 primi
1010 3855 1121 3914 heredes
1141 3855 1286 3909 constituti.

219 3935 329 3994 credens
345 3939 452 3992 auribus
465 3937 518 3991 suis
534 3937 701 4010 plebeiam'
676 3959 730 3992 vrr-
775 3939 847 3994 Vide
860 3960 917 4012 sup.
935 3941 984 3994 lx.

220 4027 305 4070 tutem
320 4020 496 4074 aeconsnlatu
510 4017 629 4090 dignari,
644 4018 733 4072 homi·
818 4041 843 4074 a.
867 4021 911 4074 Uti
925 4021 1008 4074 sellam
1025 4021 1101 4090 jtaete
1122 4028 1229 4088 porram.
1250 4013 1289 4067 Ut

220 4115 281 4150 nem
293 4117 381 4169 primo
396 4119 452 4155 nne
463 4099 604 4156 acerbitate
614 4099 732 4172 repellit,
774 4118 865 4171 suam,
889 4103 963 4173 juxta
990 4097 1156 4173 imperatoris
1185 4093 1289 4152 romarii
