2950 4648
443 357 512 425 DE
539 355 652 424 REP.
681 356 1015 426 ORDINANDA.
1183 354 1258 442 465

201 503 292 558 tuem
310 487 503 583 dignitatem
521 489 662 576 habere,
684 503 719 556 et
733 489 826 582 cujus
846 490 893 557 rei
912 487 1002 558 lubet
1016 486 1198 584 periculum
1213 490 1261 559 fe·

203 618 297 680 cere,
312 593 392 663 dum
413 594 492 690 quid
511 595 569 663 tibi
586 620 627 663 ex
645 619 684 662 eo
699 593 810 690 gloriae
823 594 987 664 acciderit.
1007 595 1112 690 quue
1129 619 1197 664 non
1213 611 1261 666 te·

203 724 315 787 mere,
336 715 394 770 aut
407 725 447 769 ex
467 701 598 771 fortune
614 715 671 769 tua
691 700 840 788 decrevi;
858 700 915 770 sed
933 702 1009 794 quia
1027 702 1127 789 inte,
1143 717 1262 796 praeter

203 819 347 894 ceteras,
359 822 464 876 artem
483 831 582 875 unam
602 807 734 901 egregie
750 805 932 875 mirabilem
955 809 1115 902 comperi,
1133 833 1263 903 semper

202 910 261 979 tibi
282 912 440 1005 mojorem
462 915 497 980 in
518 912 683 1001 adversis,
704 936 804 1006 quam
836 914 869 980 in
896 912 1047 982 secundis
1069 913 1167 982 rebus
1191 915 1263 983 ani·

202 1041 294 1084 mum
312 1043 391 1087 esse.
411 1017 476 1086 Sed
495 1043 554 1113 per
569 1033 696 1088 ceteros
718 1016 873 1087 mortales
895 1016 949 1086 illo
968 1044 1019 1088 res
1042 1017 1161 1090 clarior
1180 1034 1230 1089 est
1241 1018 1263 1104 ²,

202 1121 292 1216 quod
310 1137 343 1192 et
363 1127 455 1218 prius
473 1123 590 1194 defessi
605 1125 671 1192 sint
686 1123 835 1192 homines
858 1123 1022 1193 laudando
1036 1139 1135 1219 atque
1155 1125 1263 1195 admi-

202 1227 308 1298 rando
322 1229 581 1300 munificentiam
598 1245 707 1317 tuum,
720 1253 821 1323 quam
835 1243 872 1298 tu
892 1229 1041 1298 faciendo
1067 1255 1139 1322 quae
1159 1230 1263 1326 glorie

203 1333 304 1428 digna
326 1350 443 1407 essent.

257 1443 299 1509 II.
319 1442 480 1536 Equidem
499 1444 581 1512 mihi
602 1444 771 1513 decretum
790 1457 856 1530 est,
874 1442 955 1511 nihil
978 1458 1045 1512 turn
1067 1469 1107 1513 ex
1129 1443 1196 1514 alto
1212 1471 1262 1514 re·

201 1547 301 1643 periri
324 1573 437 1642 posse,
455 1549 545 1643 quod
563 1575 631 1619 non
649 1551 807 1644 cogitanti
828 1549 886 1618 tibi
907 1551 941 1617 in
964 1566 1098 1644 promtu
1115 1553 1181 1620 sit:
1201 1575 1261 1620 ne-

202 1678 268 1748 que
285 1678 365 1748 ego,
384 1680 457 1750 quae
480 1657 551 1726 visa
576 1671 672 1744 sunt,
694 1655 735 1724 de
760 1653 927 1750 republica
950 1657 1008 1724 tibi
1028 1659 1165 1752 scripsi,
1186 1659 1264 1752 quia

204 1759 284 1828 mihi
303 1760 475 1830 consilium
494 1775 592 1855 utque
610 1764 778 1857 ingenium
793 1787 904 1830 meum
919 1761 1059 1856 amplius
1073 1788 1167 1858 aequo
1183 1789 1263 1858 pro·

204 1865 356 1950 baretur3
379 1865 435 1934 sed
453 1868 538 1935 inter
553 1865 680 1937 labores
700 1867 837 1956 militiae,
851 1869 1000 1962 interque
1014 1868 1144 1962 prelio,
1160 1873 1263 1938 victo·

204 1972 284 2058 rias,
300 1973 490 2066 imperium,
502 1975 600 2042 statui
613 1973 858 2044 admonendum
869 1973 952 2042 tede
967 1976 1106 2068 negotiis
1118 1975 1260 2044 urbanis.

204 2078 356 2171 Namque.
371 2079 430 2146 tibi
449 2080 475 2147 si
493 2078 527 2146 id
549 2079 649 2148 modo
667 2081 701 2146 in
720 2093 853 2173 pectore
875 2078 1002 2148 consilii
1020 2094 1084 2164 est,
1105 2082 1152 2148 uti
1170 2095 1202 2149 te
1221 2082 1263 2149 ab

203 2184 409 2252 inimicomm
428 2185 554 2278 impetu
568 2171 728 2270 vindices,
746 2208 878 2278 quoque
899 2183 998 2253 modo
1016 2199 1132 2253 contra
1146 2186 1261 2254 adver-

204 2313 277 2357 sum
297 2287 485 2358 consulem¹
505 2289 662 2360 beneficia
681 2288 794 2384 populi
813 2291 951 2358 retineas
966 2315 976 2377 ;
990 2289 1121 2383 indigna
1140 2293 1262 2362 virtute

204 2409 262 2462 tua
275 2396 408 2488 cogites.
424 2397 481 2464 Sin
496 2398 531 2464 in
548 2410 580 2464 te
593 2394 647 2464 ille
665 2398 793 2464 animus
815 2410 879 2482 est,
897 2397 952 2488 qui
969 2397 1038 2489 jam
1059 2420 1080 2464 a
1101 2399 1261 2492 principio

205 2499 383 2570 nobilitatis
403 2500 579 2572 factionem
603 2501 800 2570 disturbavit
809 2499 831 2587 ²,
856 2499 987 2596 plebem
1009 2525 1149 2570 romeu
1170 2507 1261 2598 gravi

206 2715 244 2756 en
255 2701 301 2774 qui
312 2703 361 2754 toti
372 2703 435 2756 buic
443 2705 482 2756 rei
495 2707 599 2758 subesse
609 2723 665 2758 non
673 2704 712 2755 in·
753 2705 1172 2770 sum‚seuexCaeeerisrirtutibus
1179 2725 1258 2760 unam

206 2781 323 2852 tellignt?
335 2803 376 2818 ·-
390 2782 465 2852 Cujus
478 2787 513 2834 ni
522 2785 593 2838 lubet.
616 2783 711 2855 Cujus·
754 2783 1239 2856 eamquepraeoellentemnominando.

206 2861 270 2914 libet
283 2861 331 2913 rei.
793 2865 857 2916 Cir.
868 2865 904 2916 ll.
923 2881 946 2916 r.
964 2863 1055 2916 Contm
1068 2864 1190 2918 adeersum
1202 2885 1257 2918 eon·

249 2961 274 2994 n.
290 2940 341 2992 Sed
347 2961 392 3012 per
405 2953 491 2993 ceteros
503 2943 712 2994 »terramillam
752 2943 835 2996 sulem.
851 2944 902 2996 Vel
913 2943 1075 3009 Lentulum,
1092 2943 1133 3000 vel
1146 2945 1259 2998 Mareel-

208 3019 296 3072 durior
305 3033 347 3073 ert.
361 3017 413 3073 Sed
428 3022 552 3074 universo
563 3034 712 3076 ceterorum
752 3021 823 3080 lum,
837 3024 883 3093 qui
890 3023 1010 3076 consules
1018 3025 1258 3096 erent,enno705‚

208 3099 358 3152 mortalium
372 3118 500 3154 consensu
516 3120 545 3153 eu
561 3120 602 3156 res
616 3102 712 3154 clarior
753 3103 909 3172 quocum,
918 3103 1081 3156 Rubiconem
1089 3102 1258 3170 transeundo,

208 3191 261 3244 est,
277 3198 355 3250 quem
365 3193 396 3232 ut
404 3177 437 3232 de
452 3199 481 3232 ea
494 3179 571 3251 plum
584 3182 664 3234 verbe
677 3181 713 3234 se·
753 3180 860 3234 initium
867 3181 929 3232 belli
937 3181 1021 3234 civilis
1030 3182 1100 3236 fecit.
1115 3183 1259 3237 Lentulum

208 3276 267 3312 cere
279 3257 396 3312 debeam.
415 3259 484 3312 Nem
503 3259 621 3312 homines
637 3260 712 3330 prius
753 3261 842 3330 potius
858 3259 934 3310 innui
949 3258 1126 3324 crediderim,
1149 3281 1181 3314 ex
1201 3264 1259 3334 ipso

207 3337 287 3391 etiem
300 3337 394 3391 defessi
414 3352 475 3392 sunt
492 3335 638 3396 laudando,
661 3351 712 3390 eto.
755 3339 869 3399 Came,
886 3338 942 3390 Bel.
952 3337 1009 3392 Cir.
1020 3356 1032 3390 1
1044 3351 1071 3391 et
1080 3357 1116 3393 rr.
1129 3371 1169 3382 -
1181 3341 1259 3394 Bene·

208 3415 402 3488 Proverbisper
412 3431 499 3470 eeteros
508 3418 631 3480 mortales,
644 3433 712 3468 non·
747 3415 809 3486 ficia
813 3415 906 3487 populi.
926 3416 1064 3470 Exercitus
1078 3419 1219 3490 imperium
1233 3431 1260 3472 et

210 3497 275 3548 nulli
287 3497 377 3568 legunt
388 3517 433 3568 per
444 3497 499 3549 deos
512 3497 661 3550 immortales.
672 3526 713 3540 -·-
753 3497 795 3567 jus
816 3495 980 3548 consulatum
997 3495 1121 3568 petendi,
1140 3499 1260 3569 quemvis

209 3573 715 3648 Mumficeuulrmtumn.cortiuspropouit
756 3576 847 3629 absens
870 3585 943 3628 esset.
974 3573 1099 3628 Ceterum
1118 3575 1152 3629 dc
1176 3577 1260 3630 causis

210 3653 421 3725 mgnficeutr'am,
430 3655 510 3728 idque
516 3655 639 3728 intelligit
650 3673 714 3708 eon-
756 3667 802 3708 eut
809 3667 937 3726 pretextu
943 3655 1006 3707 belli
1014 3655 1099 3708 civilis
1105 3653 1181 3721 vide,
1194 3675 1261 3728 pre·

209 3733 375 3787 suetudinem
382 3729 716 3808 magneleciendi.[Noneb·
733 3763 736 3777 ·
756 3747 798 3788 ter
811 3733 939 3788 Caeeerem
954 3735 972 3787 l.
989 3753 1030 3800 e,
1051 3733 1129 3787 etiam
1151 3735 1259 3790 Sueten.

206 3811 550 3880 'eufflumlortenedtemen
557 3827 648 3868 auctor
654 3814 716 3868 sori·
756 3813 811 3867 Iul.
824 3831 927 3878 mur,
942 3833 1021 3879 mx,
1031 3826 1058 3866 et
1070 3833 1130 3868 xxx.

211 3891 273 3946 bere
284 3895 373 3965 potuit
382 3893 579 3966 munificentiam,
592 3912 638 3948 seu
650 3912 715 3964 pnn-
789 3913 814 3948 2.
825 3893 966 3948 Nobuuaeis
972 3895 1104 3961 factionem
1110 3894 1258 3956 disturbavit,

211 3969 651 4045 lnmextendendohujusvocnbuli
661 3992 717 4026 een·
757 3984 807 4028 etc.
823 3973 881 4026 Hoc
893 3971 926 4026 ed
940 3991 970 4028 ea
982 3973 1075 4025 referri
1084 3986 1185 4046 potest,
1200 3993 1259 4046 que

1062 4080 1109 4152 30
