<?xml version="1.0" encoding="UTF-8"?>
<!DOCTYPE html PUBLIC "-//W3C//DTD XHTML 1.0 Transitional//EN"
    "http://www.w3.org/TR/xhtml1/DTD/xhtml1-transitional.dtd">
<html xmlns="http://www.w3.org/1999/xhtml" xml:lang="en" lang="en">
 <head>
  <title>
</title>
<meta http-equiv="Content-Type" content="text/html;charset=utf-8" />
  <meta name='ocr-system' content='tesseract 3.04.00' />
  <meta name='ocr-capabilities' content='ocr_page ocr_carea ocr_par ocr_line ocrx_word'/>
</head>
<body>
  <div class='ocr_page' id='page_1' title='image "./caiuscrispussal01sallgoog_0367.png"; bbox 0 0 2938 4654; ppageno 0'>
   <div class='ocr_carea' id='block_1_1' title="bbox 589 402 1250 524">
    <p class='ocr_par' dir='ltr' id='par_1_1' title="bbox 589 402 1250 524">
     <span class='ocr_line' id='line_1_1' title="bbox 589 402 1250 524; baseline 0.009 -32"><span class='ocrx_word' id='word_1_1' title='bbox 589 402 885 495; x_wconf 66' lang='lat' dir='ltr'><strong>iucundus.</strong></span> <span class='ocrx_word' id='word_1_2' title='bbox 1176 453 1250 524; x_wconf 76' lang='lat'><strong>299</strong></span> 
     </span>
    </p>
   </div>
   <div class='ocr_carea' id='block_1_2' title="bbox 189 555 1255 1726">
    <p class='ocr_par' dir='ltr' id='par_1_2' title="bbox 190 555 1251 1079">
     <span class='ocr_line' id='line_1_2' title="bbox 190 555 1250 658; baseline 0.008 -34"><span class='ocrx_word' id='word_1_3' title='bbox 190 556 329 624; x_wconf 72' lang='lat' dir='ltr'><strong>cinvme.</strong></span> <span class='ocrx_word' id='word_1_4' title='bbox 353 555 507 627; x_wconf 78' lang='lat' dir='ltr'>Consulis</span> <span class='ocrx_word' id='word_1_5' title='bbox 529 559 657 628; x_wconf 85' lang='lat' dir='ltr'><strong>animus</strong></span> <span class='ocrx_word' id='word_1_6' title='bbox 679 575 791 630; x_wconf 72' lang='lat' dir='ltr'><strong>umen</strong></span> <span class='ocrx_word' id='word_1_7' title='bbox 812 558 959 656; x_wconf 80' lang='lat' dir='ltr'><strong>paullum</strong></span> <span class='ocrx_word' id='word_1_8' title='bbox 982 577 1119 632; x_wconf 88' lang='lat' dir='ltr'><strong>erectus.</strong></span> <span class='ocrx_word' id='word_1_9' title='bbox 1135 565 1250 658; x_wconf 83' lang='lat' dir='ltr'><strong>Itnque</strong></span> 
     </span>
     <span class='ocr_line' id='line_1_3' title="bbox 190 664 1251 765; baseline 0.008 -35"><span class='ocrx_word' id='word_1_10' title='bbox 190 685 229 732; x_wconf 83' lang='lat' dir='ltr'><strong>ex</strong></span> <span class='ocrx_word' id='word_1_11' title='bbox 242 664 339 758; x_wconf 86' lang='lat' dir='ltr'><strong>copia</strong></span> <span class='ocrx_word' id='word_1_12' title='bbox 352 664 537 734; x_wconf 84' lang='lat' dir='ltr'><strong>tubicinum</strong></span> <span class='ocrx_word' id='word_1_13' title='bbox 549 679 583 736; x_wconf 88' lang='lat' dir='ltr'><strong>et</strong></span> <span class='ocrx_word' id='word_1_14' title='bbox 593 667 977 755; x_wconf 78' lang='lat' dir='ltr'><strong>cornicinum⁷,numer0</strong></span> <span class='ocrx_word' id='word_1_15' title='bbox 994 669 1138 764; x_wconf 85' lang='lat' dir='ltr'><strong>quinque</strong></span> <span class='ocrx_word' id='word_1_16' title='bbox 1152 693 1251 765; x_wconf 81' lang='lat' dir='ltr'><strong>quani</strong></span> 
     </span>
     <span class='ocr_line' id='line_1_4' title="bbox 190 766 1251 871; baseline 0.008 -36"><span class='ocrx_word' id='word_1_17' title='bbox 190 766 425 840; x_wconf 84' lang='lat' dir='ltr'><strong>velocissumos</strong></span> <span class='ocrx_word' id='word_1_18' title='bbox 452 771 595 866; x_wconf 84' lang='lat' dir='ltr'><strong>delegit,</strong></span> <span class='ocrx_word' id='word_1_19' title='bbox 616 788 649 842; x_wconf 89' lang='lat' dir='ltr'><strong>ct</strong></span> <span class='ocrx_word' id='word_1_20' title='bbox 674 775 842 861; x_wconf 86' lang='lat' dir='ltr'><strong>cumbis,</strong></span> <span class='ocrx_word' id='word_1_21' title='bbox 866 775 1017 870; x_wconf 84' lang='lat' dir='ltr'><strong>prtcsidio</strong></span> <span class='ocrx_word' id='word_1_22' title='bbox 1042 778 1099 871; x_wconf 93' lang='lat' dir='ltr'><strong>qui</strong></span> <span class='ocrx_word' id='word_1_23' title='bbox 1124 776 1251 862; x_wconf 80' lang='lat' dir='ltr'><strong>forent,</strong></span> 
     </span>
     <span class='ocr_line' id='line_1_5' title="bbox 191 880 1251 977; baseline 0.008 -34"><span class='ocrx_word' id='word_1_24' title='bbox 191 890 331 968; x_wconf 79' lang='lat' dir='ltr'><strong>quatuor</strong></span> <span class='ocrx_word' id='word_1_25' title='bbox 356 880 589 948; x_wconf 87' lang='lat' dir='ltr'><strong>centuriones:</strong></span> <span class='ocrx_word' id='word_1_26' title='bbox 613 905 729 950; x_wconf 88' lang='lat' dir='ltr'><strong>omnes</strong></span> <span class='ocrx_word' id='word_1_27' title='bbox 756 883 871 976; x_wconf 79' lang='lat' dir='ltr'><strong>Liguri</strong></span> <span class='ocrx_word' id='word_1_28' title='bbox 895 907 1012 977; x_wconf 87' lang='lat' dir='ltr'><strong>parere</strong></span> <span class='ocrx_word' id='word_1_29' title='bbox 1028 881 1143 977; x_wconf 82' lang='lat' dir='ltr'><strong>jubet,</strong></span> <span class='ocrx_word' id='word_1_30' title='bbox 1167 898 1202 954; x_wconf 84' lang='lat' dir='ltr'><strong>et</strong></span> <span class='ocrx_word' id='word_1_31' title='bbox 1222 886 1251 954; x_wconf 89' lang='lat' dir='ltr'><strong>ei</strong></span> 
     </span>
     <span class='ocr_line' id='line_1_6' title="bbox 190 985 841 1079; baseline 0.008 -28"><span class='ocrx_word' id='word_1_32' title='bbox 190 985 322 1077; x_wconf 78' lang='lat' dir='ltr'><strong>negotio</strong></span> <span class='ocrx_word' id='word_1_33' title='bbox 342 1009 541 1079; x_wconf 82' lang='lat' dir='ltr'><strong>proxumum</strong></span> <span class='ocrx_word' id='word_1_34' title='bbox 560 985 649 1056; x_wconf 84' lang='lat' dir='ltr'><strong>diem</strong></span> <span class='ocrx_word' id='word_1_35' title='bbox 663 990 841 1058; x_wconf 90' lang='lat' dir='ltr'><strong>constituit.</strong></span> 
     </span>
    </p>

    <p class='ocr_par' dir='ltr' id='par_1_3' title="bbox 189 1091 1255 1726">
     <span class='ocr_line' id='line_1_7' title="bbox 238 1091 1252 1190; baseline 0.009 -32"><span class='ocrx_word' id='word_1_36' title='bbox 238 1091 364 1162; x_wconf 83' lang='lat' dir='ltr'>XCIV.</span> <span class='ocrx_word' id='word_1_37' title='bbox 392 1091 457 1162; x_wconf 90' lang='lat' dir='ltr'><strong>Sed</strong></span> <span class='ocrx_word' id='word_1_38' title='bbox 476 1092 535 1162; x_wconf 87' lang='lat' dir='ltr'><strong>uhi</strong></span> <span class='ocrx_word' id='word_1_39' title='bbox 555 1117 596 1164; x_wconf 85' lang='lat' dir='ltr'><strong>ex</strong></span> <span class='ocrx_word' id='word_1_40' title='bbox 615 1095 803 1190; x_wconf 77' lang='lat' dir='ltr'><strong>praecepto¹</strong></span> <span class='ocrx_word' id='word_1_41' title='bbox 827 1110 957 1190; x_wconf 81' lang='lat' dir='ltr'><strong>tempus</strong></span> <span class='ocrx_word' id='word_1_42' title='bbox 979 1098 1107 1180; x_wconf 79' lang='lat' dir='ltr'><strong>visum3</strong></span> <span class='ocrx_word' id='word_1_43' title='bbox 1130 1098 1252 1190; x_wconf 83' lang='lat' dir='ltr'><strong>parutis</strong></span> 
     </span>
     <span class='ocr_line' id='line_1_8' title="bbox 190 1199 1255 1298; baseline 0.006 -33"><span class='ocrx_word' id='word_1_44' title='bbox 190 1199 443 1294; x_wconf 83' lang='lat' dir='ltr'><strong>compositisque</strong></span> <span class='ocrx_word' id='word_1_45' title='bbox 472 1200 625 1270; x_wconf 90' lang='lat' dir='ltr'><strong>omuibus</strong></span> <span class='ocrx_word' id='word_1_46' title='bbox 651 1202 694 1272; x_wconf 82' lang='lat' dir='ltr'><strong>ad</strong></span> <span class='ocrx_word' id='word_1_47' title='bbox 721 1200 832 1272; x_wconf 91' lang='lat' dir='ltr'><strong>locum</strong></span> <span class='ocrx_word' id='word_1_48' title='bbox 858 1204 974 1298; x_wconf 79' lang='lat' dir='ltr'><strong>pergit.</strong></span> <span class='ocrx_word' id='word_1_49' title='bbox 999 1205 1156 1272; x_wconf 86' lang='lat' dir='ltr'><strong>Ceterum</strong></span> <span class='ocrx_word' id='word_1_50' title='bbox 1189 1201 1255 1290; x_wconf 86' lang='lat' dir='ltr'><strong>illi,</strong></span> 
     </span>
     <span class='ocr_line' id='line_1_9' title="bbox 190 1305 1251 1404; baseline 0.006 -32"><span class='ocrx_word' id='word_1_51' title='bbox 190 1305 246 1398; x_wconf 91' lang='lat' dir='ltr'><strong>qui</strong></span> <span class='ocrx_word' id='word_1_52' title='bbox 260 1308 416 1376; x_wconf 80' lang='lat' dir='ltr'><strong>scnmriis</strong></span> <span class='ocrx_word' id='word_1_53' title='bbox 430 1323 610 1402; x_wconf 68' lang='lat' dir='ltr'><strong>preerant,</strong></span> <span class='ocrx_word' id='word_1_54' title='bbox 625 1309 786 1404; x_wconf 80' lang='lat' dir='ltr'><strong>praedocti</strong></span> <span class='ocrx_word' id='word_1_55' title='bbox 801 1311 845 1380; x_wconf 85' lang='lat' dir='ltr'><strong>nb</strong></span> <span class='ocrx_word' id='word_1_56' title='bbox 862 1309 961 1394; x_wconf 84' lang='lat' dir='ltr'><strong>duce,</strong></span> <span class='ocrx_word' id='word_1_57' title='bbox 975 1333 1068 1380; x_wconf 81' lang='lat' dir='ltr'><strong>arma</strong></span> <span class='ocrx_word' id='word_1_58' title='bbox 1082 1324 1251 1380; x_wconf 76' lang='lat' dir='ltr'><strong>ornatum·</strong></span> 
     </span>
     <span class='ocr_line' id='line_1_10' title="bbox 189 1415 1253 1511; baseline 0.007 -32"><span class='ocrx_word' id='word_1_59' title='bbox 189 1435 254 1504; x_wconf 89' lang='lat' dir='ltr'><strong>que</strong></span> <span class='ocrx_word' id='word_1_60' title='bbox 265 1416 604 1510; x_wconf 81' lang='lat' dir='ltr'><strong>mutaverant,capite</strong></span> <span class='ocrx_word' id='word_1_61' title='bbox 615 1431 713 1510; x_wconf 85' lang='lat' dir='ltr'><strong>atque</strong></span> <span class='ocrx_word' id='word_1_62' title='bbox 725 1415 863 1511; x_wconf 87' lang='lat' dir='ltr'><strong>pedibus</strong></span> <span class='ocrx_word' id='word_1_63' title='bbox 877 1415 988 1505; x_wconf 85' lang='lat' dir='ltr'><strong>nudis,</strong></span> <span class='ocrx_word' id='word_1_64' title='bbox 997 1417 1046 1486; x_wconf 89' lang='lat' dir='ltr'><strong>uti</strong></span> <span class='ocrx_word' id='word_1_65' title='bbox 1059 1429 1253 1511; x_wconf 87' lang='lat' dir='ltr'><strong>prospectus</strong></span> 
     </span>
     <span class='ocr_line' id='line_1_11' title="bbox 189 1517 1255 1624; baseline 0.004 -38"><span class='ocrx_word' id='word_1_66' title='bbox 189 1517 343 1613; x_wconf 85' lang='lat' dir='ltr'><strong>nisusque</strong></span> <span class='ocrx_word' id='word_1_67' title='bbox 370 1545 430 1616; x_wconf 90' lang='lat' dir='ltr'><strong>per</strong></span> <span class='ocrx_word' id='word_1_68' title='bbox 458 1545 535 1592; x_wconf 83' lang='lat' dir='ltr'><strong>saxu</strong></span> <span class='ocrx_word' id='word_1_69' title='bbox 563 1521 688 1593; x_wconf 81' lang='lat' dir='ltr'><strong>facilius</strong></span> <span class='ocrx_word' id='word_1_70' title='bbox 711 1522 833 1594; x_wconf 80' lang='lat' dir='ltr'><strong>lorct²:</strong></span> <span class='ocrx_word' id='word_1_71' title='bbox 863 1549 962 1624; x_wconf 81' lang='lat' dir='ltr'><strong>super</strong></span> <span class='ocrx_word' id='word_1_72' title='bbox 986 1539 1079 1618; x_wconf 82' lang='lat' dir='ltr'><strong>terga</strong></span> <span class='ocrx_word' id='word_1_73' title='bbox 1103 1521 1200 1618; x_wconf 81' lang='lat' dir='ltr'><strong>gladii</strong></span> <span class='ocrx_word' id='word_1_74' title='bbox 1222 1537 1255 1590; x_wconf 86' lang='lat' dir='ltr'><strong>et</strong></span> 
     </span>
     <span class='ocr_line' id='line_1_12' title="bbox 189 1627 1255 1726; baseline 0.006 -34"><span class='ocrx_word' id='word_1_75' title='bbox 189 1638 299 1713; x_wconf 79' lang='lat' dir='ltr'><strong>scuta3</strong></span> <span class='ocrx_word' id='word_1_76' title='bbox 308 1649 424 1696; x_wconf 86' lang='lat' dir='ltr'><strong>verum</strong></span> <span class='ocrx_word' id='word_1_77' title='bbox 439 1653 478 1696; x_wconf 90' lang='lat' dir='ltr'><strong>ea</strong></span> <span class='ocrx_word' id='word_1_78' title='bbox 489 1629 665 1700; x_wconf 82' lang='lat' dir='ltr'><strong>Numidica</strong></span> <span class='ocrx_word' id='word_1_79' title='bbox 678 1655 719 1700; x_wconf 78' lang='lat' dir='ltr'><strong>en</strong></span> <span class='ocrx_word' id='word_1_80' title='bbox 733 1632 844 1718; x_wconf 87' lang='lat' dir='ltr'><strong>coriis,</strong></span> <span class='ocrx_word' id='word_1_81' title='bbox 856 1630 1011 1726; x_wconf 90' lang='lat' dir='ltr'><strong>ponderis</strong></span> <span class='ocrx_word' id='word_1_82' title='bbox 1022 1633 1127 1725; x_wconf 77' lang='lat' dir='ltr'><strong>gratie</strong></span> <span class='ocrx_word' id='word_1_83' title='bbox 1142 1627 1255 1714; x_wconf 85' lang='lat' dir='ltr'><strong>simul,</strong></span> 
     </span>
    </p>
   </div>
   <div class='ocr_carea' id='block_1_3' title="bbox 189 1833 1258 4149">
    <p class='ocr_par' dir='ltr' id='par_1_4' title="bbox 189 1833 1258 4149">
     <span class='ocr_line' id='line_1_13' title="bbox 190 1833 1253 1918; baseline 0.009 -31"><span class='ocrx_word' id='word_1_84' title='bbox 190 1833 316 1902; x_wconf 88' lang='lat' dir='ltr'><strong>nins,sed</strong></span> <span class='ocrx_word' id='word_1_85' title='bbox 331 1835 419 1892; x_wconf 86' lang='lat' dir='ltr'><strong>minus</strong></span> <span class='ocrx_word' id='word_1_86' title='bbox 431 1838 563 1912; x_wconf 69' lang='lat' dir='ltr'><strong>eleganter</strong></span> <span class='ocrx_word' id='word_1_87' title='bbox 573 1835 695 1894; x_wconf 77' lang='lat' dir='ltr'><strong>dixisset:</strong></span> <span class='ocrx_word' id='word_1_88' title='bbox 742 1839 785 1892; x_wconf 90' lang='lat' dir='ltr'><strong>cui</strong></span> <span class='ocrx_word' id='word_1_89' title='bbox 798 1841 837 1892; x_wconf 89' lang='lat' dir='ltr'><strong>rei</strong></span> <span class='ocrx_word' id='word_1_90' title='bbox 852 1841 971 1914; x_wconf 81' lang='lat' dir='ltr'><strong>qu&#39;mque</strong></span> <span class='ocrx_word' id='word_1_91' title='bbox 986 1842 1134 1896; x_wconf 72' lang='lat' dir='ltr'><strong>cornicines</strong></span> <span class='ocrx_word' id='word_1_92' title='bbox 1148 1855 1194 1896; x_wconf 81' lang='lat' dir='ltr'><strong>aut</strong></span> <span class='ocrx_word' id='word_1_93' title='bbox 1210 1855 1253 1918; x_wconf 84' lang='lat' dir='ltr'><strong>tu·</strong></span> 
     </span>
     <span class='ocr_line' id='line_1_14' title="bbox 191 1915 1057 1989; baseline 0.01 -23"><span class='ocrx_word' id='word_1_94' title='bbox 191 1931 258 1980; x_wconf 76' lang='lat' dir='ltr'><strong>our,</strong></span> <span class='ocrx_word' id='word_1_95' title='bbox 273 1915 313 1967; x_wconf 91' lang='lat' dir='ltr'><strong>uti</strong></span> <span class='ocrx_word' id='word_1_96' title='bbox 335 1919 461 1989; x_wconf 84' lang='lat' dir='ltr'><strong>cujusque</strong></span> <span class='ocrx_word' id='word_1_97' title='bbox 475 1919 612 1989; x_wconf 74' lang='lat' dir='ltr'><strong>ingenium</strong></span> <span class='ocrx_word' id='word_1_98' title='bbox 626 1933 697 1984; x_wconf 82' lang='lat' dir='ltr'><strong>erat,</strong></span> <span class='ocrx_word' id='word_1_99' title='bbox 742 1920 843 1973; x_wconf 86' lang='lat' dir='ltr'><strong>bicines</strong></span> <span class='ocrx_word' id='word_1_100' title='bbox 853 1921 1027 1974; x_wconf 77' lang='lat' dir='ltr'><strong>sufficiebant.</strong></span> <span class='ocrx_word' id='word_1_101' title='bbox 1046 1949 1057 1968; x_wconf 81' lang='grc' dir='ltr'>ι</span> 
     </span>
     <span class='ocr_line' id='line_1_15' title="bbox 189 1995 1252 2072; baseline 0.006 -26"><span class='ocrx_word' id='word_1_102' title='bbox 189 2008 374 2049; x_wconf 68' lang='lat' dir='ltr'><strong>eustosinus.</strong></span> <span class='ocrx_word' id='word_1_103' title='bbox 393 1995 479 2051; x_wconf 86' lang='lat' dir='ltr'><strong>Simili</strong></span> <span class='ocrx_word' id='word_1_104' title='bbox 503 1999 699 2052; x_wconf 84' lang='lat' dir='ltr'><strong>constructione</strong></span> <span class='ocrx_word' id='word_1_105' title='bbox 783 2001 846 2053; x_wconf 75' lang='lat' dir='ltr'><strong>Cur.</strong></span> <span class='ocrx_word' id='word_1_106' title='bbox 879 2001 978 2054; x_wconf 84' lang='lat' dir='ltr'>XCIV.</span> <span class='ocrx_word' id='word_1_107' title='bbox 1004 2020 1028 2054; x_wconf 85' lang='lat' dir='ltr'><strong>r.</strong></span> <span class='ocrx_word' id='word_1_108' title='bbox 1057 2001 1100 2052; x_wconf 78' lang='lat' dir='ltr'><strong>Es</strong></span> <span class='ocrx_word' id='word_1_109' title='bbox 1122 2013 1252 2072; x_wconf 74' lang='lat' dir='ltr'><strong>praecepto.</strong></span> 
     </span>
     <span class='ocr_line' id='line_1_16' title="bbox 189 2075 1254 2153; baseline 0.004 -25"><span class='ocrx_word' id='word_1_110' title='bbox 189 2075 250 2128; x_wconf 81' lang='lat' dir='ltr'><strong>Liv.</strong></span> <span class='ocrx_word' id='word_1_111' title='bbox 266 2093 330 2142; x_wconf 81' lang='lat' dir='ltr'><strong>xxi,</strong></span> <span class='ocrx_word' id='word_1_112' title='bbox 345 2082 378 2140; x_wconf 78' lang='grc'><strong>41</strong></span> <span class='ocrx_word' id='word_1_113' title='bbox 397 2095 404 2129; x_wconf 93' lang='lat'><strong>:</strong></span> <span class='ocrx_word' id='word_1_114' title='bbox 421 2079 568 2150; x_wconf 84' lang='lat' dir='ltr'><strong>-Experiri</strong></span> <span class='ocrx_word' id='word_1_115' title='bbox 580 2081 697 2150; x_wconf 72' lang='lat' dir='ltr'><strong>juvat...</strong></span> <span class='ocrx_word' id='word_1_116' title='bbox 743 2078 784 2132; x_wconf 90' lang='lat' dir='ltr'><strong>Sc.</strong></span> <span class='ocrx_word' id='word_1_117' title='bbox 796 2080 884 2132; x_wconf 80' lang='lat' dir='ltr'><strong>Marii.</strong></span> <span class='ocrx_word' id='word_1_118' title='bbox 901 2081 998 2132; x_wconf 80' lang='lat' dir='ltr'><strong>-11tt</strong></span> <span class='ocrx_word' id='word_1_119' title='bbox 1013 2085 1054 2153; x_wconf 79' lang='lat' dir='ltr'><strong>qui</strong></span> <span class='ocrx_word' id='word_1_120' title='bbox 1067 2083 1178 2132; x_wconf 68' lang='lat' dir='ltr'><strong>arturius</strong></span> <span class='ocrx_word' id='word_1_121' title='bbox 1189 2100 1254 2152; x_wconf 86' lang='lat' dir='ltr'><strong>proe·</strong></span> 
     </span>
     <span class='ocr_line' id='line_1_17' title="bbox 191 2157 1256 2225; baseline 0.004 -17"><span class='ocrx_word' id='word_1_122' title='bbox 191 2167 282 2208; x_wconf 88' lang='lat' dir='ltr'><strong>utrum</strong></span> <span class='ocrx_word' id='word_1_123' title='bbox 298 2157 414 2210; x_wconf 76' lang='lat' dir='ltr'><strong>Annibal</strong></span> <span class='ocrx_word' id='word_1_124' title='bbox 430 2157 473 2212; x_wconf 86' lang='lat' dir='ltr'><strong>hic</strong></span> <span class='ocrx_word' id='word_1_125' title='bbox 489 2160 523 2212; x_wconf 87' lang='lat' dir='ltr'><strong>sit</strong></span> <span class='ocrx_word' id='word_1_126' title='bbox 538 2159 647 2224; x_wconf 78' lang='lat' dir='ltr'><strong>aemnlns</strong></span> <span class='ocrx_word' id='word_1_127' title='bbox 658 2159 700 2212; x_wconf 90' lang='lat' dir='ltr'><strong>iti·</strong></span> <span class='ocrx_word' id='word_1_128' title='bbox 742 2171 819 2212; x_wconf 85' lang='lat' dir='ltr'><strong>eraut.</strong></span> <span class='ocrx_word' id='word_1_129' title='bbox 843 2160 965 2225; x_wconf 87' lang='lat' dir='ltr'><strong>Quntuor</strong></span> <span class='ocrx_word' id='word_1_130' title='bbox 976 2160 1016 2212; x_wconf 91' lang='lat' dir='ltr'><strong>illi</strong></span> <span class='ocrx_word' id='word_1_131' title='bbox 1027 2161 1209 2224; x_wconf 86' lang='lat' dir='ltr'><strong>centuriones,</strong></span> <span class='ocrx_word' id='word_1_132' title='bbox 1222 2158 1256 2212; x_wconf 89' lang='lat' dir='ltr'><strong>de</strong></span> 
     </span>
     <span class='ocr_line' id='line_1_18' title="bbox 190 2235 1252 2311; baseline 0.002 -21"><span class='ocrx_word' id='word_1_133' title='bbox 190 2254 287 2290; x_wconf 81' lang='lat' dir='ltr'><strong>nerum</strong></span> <span class='ocrx_word' id='word_1_134' title='bbox 305 2235 441 2304; x_wconf 85' lang='lat' dir='ltr'><strong>Herculis,</strong></span> <span class='ocrx_word' id='word_1_135' title='bbox 456 2251 486 2291; x_wconf 93' lang='lat' dir='ltr'><strong>ut</strong></span> <span class='ocrx_word' id='word_1_136' title='bbox 506 2240 562 2310; x_wconf 90' lang='lat' dir='ltr'><strong>ipse</strong></span> <span class='ocrx_word' id='word_1_137' title='bbox 584 2239 649 2304; x_wconf 83' lang='lat' dir='ltr'><strong>lert,</strong></span> <span class='ocrx_word' id='word_1_138' title='bbox 665 2259 698 2292; x_wconf 79' lang='lat' dir='ltr'><strong>nn</strong></span> <span class='ocrx_word' id='word_1_139' title='bbox 742 2239 839 2310; x_wconf 84' lang='lat' dir='ltr'><strong>quihus</strong></span> <span class='ocrx_word' id='word_1_140' title='bbox 850 2239 1000 2311; x_wconf 81' lang='lat' dir='ltr'><strong>psulosute</strong></span> <span class='ocrx_word' id='word_1_141' title='bbox 1011 2241 1113 2292; x_wconf 88' lang='lat' dir='ltr'><strong>mentio</strong></span> <span class='ocrx_word' id='word_1_142' title='bbox 1130 2239 1189 2292; x_wconf 89' lang='lat' dir='ltr'><strong>suit.</strong></span> <span class='ocrx_word' id='word_1_143' title='bbox 1203 2239 1252 2292; x_wconf 85' lang='lat' dir='ltr'><strong>Fe·</strong></span> 
     </span>
     <span class='ocr_line' id='line_1_19' title="bbox 190 2315 1255 2391; baseline 0.002 -21"><span class='ocrx_word' id='word_1_144' title='bbox 190 2315 324 2386; x_wconf 76' lang='lat' dir='ltr'><strong>vectigalis</strong></span> <span class='ocrx_word' id='word_1_145' title='bbox 332 2315 571 2390; x_wconf 79' lang='lat' dir='ltr'><strong>stipendiariusque</strong></span> <span class='ocrx_word' id='word_1_146' title='bbox 578 2332 603 2372; x_wconf 92' lang='lat' dir='ltr'><strong>et</strong></span> <span class='ocrx_word' id='word_1_147' title='bbox 610 2338 700 2372; x_wconf 74' lang='lat' dir='ltr'><strong>smus</strong></span> <span class='ocrx_word' id='word_1_148' title='bbox 742 2332 830 2372; x_wconf 84' lang='lat' dir='ltr'><strong>temur</strong></span> <span class='ocrx_word' id='word_1_149' title='bbox 841 2331 928 2372; x_wconf 84' lang='lat' dir='ltr'><strong>tumen</strong></span> <span class='ocrx_word' id='word_1_150' title='bbox 937 2337 993 2374; x_wconf 88' lang='lat' dir='ltr'><strong>uon</strong></span> <span class='ocrx_word' id='word_1_151' title='bbox 1002 2318 1093 2374; x_wconf 86' lang='lat' dir='ltr'><strong>videre</strong></span> <span class='ocrx_word' id='word_1_152' title='bbox 1104 2337 1153 2372; x_wconf 89' lang='lat' dir='ltr'><strong>nos</strong></span> <span class='ocrx_word' id='word_1_153' title='bbox 1160 2358 1168 2384; x_wconf 88' lang='lat'><strong>,</strong></span> <span class='ocrx_word' id='word_1_154' title='bbox 1175 2337 1255 2391; x_wconf 89' lang='lat' dir='ltr'><strong>qnor-</strong></span> 
     </span>
     <span class='ocr_line' id='line_1_20' title="bbox 190 2395 1254 2472; baseline 0.005 -25"><span class='ocrx_word' id='word_1_155' title='bbox 190 2395 285 2468; x_wconf 91' lang='lat' dir='ltr'><strong>populi</strong></span> <span class='ocrx_word' id='word_1_156' title='bbox 310 2397 414 2450; x_wconf 80' lang='lat' dir='ltr'><strong>romani</strong></span> <span class='ocrx_word' id='word_1_157' title='bbox 436 2418 450 2450; x_wconf 77' lang='lat' dir='ltr'>a</span> <span class='ocrx_word' id='word_1_158' title='bbox 472 2413 547 2470; x_wconf 85' lang='lat' dir='ltr'><strong>pstre</strong></span> <span class='ocrx_word' id='word_1_159' title='bbox 569 2401 698 2454; x_wconf 86' lang='lat' dir='ltr'><strong>relictus:</strong></span> <span class='ocrx_word' id='word_1_160' title='bbox 742 2419 802 2452; x_wconf 86' lang='lat' dir='ltr'><strong>sum</strong></span> <span class='ocrx_word' id='word_1_161' title='bbox 811 2399 1254 2472; x_wconf 74' lang='lat' dir='ltr'><strong>pertinestlraecperiphrmis.Num</strong></span> 
     </span>
     <span class='ocr_line' id='line_1_21' title="bbox 192 2476 1255 2550; baseline 0.003 -22"><span class='ocrx_word' id='word_1_162' title='bbox 192 2493 272 2538; x_wconf 78' lang='lat' dir='ltr'><strong>ouu</strong></span> <span class='ocrx_word' id='word_1_163' title='bbox 285 2476 336 2530; x_wconf 87' lang='lat' dir='ltr'><strong>uisi</strong></span> <span class='ocrx_word' id='word_1_164' title='bbox 354 2477 530 2548; x_wconf 77' lang='lat' dir='ltr'><strong>Saguntinum</strong></span> <span class='ocrx_word' id='word_1_165' title='bbox 544 2480 628 2534; x_wconf 85' lang='lat' dir='ltr'><strong>scelus</strong></span> <span class='ocrx_word' id='word_1_166' title='bbox 646 2479 700 2550; x_wconf 70' lang='lat' dir='ltr'><strong>ugi-</strong></span> <span class='ocrx_word' id='word_1_167' title='bbox 743 2491 857 2550; x_wconf 84' lang='lat' dir='ltr'><strong>qustuor</strong></span> <span class='ocrx_word' id='word_1_168' title='bbox 871 2480 910 2534; x_wconf 89' lang='lat' dir='ltr'><strong>illi</strong></span> <span class='ocrx_word' id='word_1_169' title='bbox 925 2480 1109 2546; x_wconf 85' lang='lat' dir='ltr'><strong>centuriones,</strong></span> <span class='ocrx_word' id='word_1_170' title='bbox 1120 2480 1212 2550; x_wconf 80' lang='lat' dir='ltr'><strong>Liguri</strong></span> <span class='ocrx_word' id='word_1_171' title='bbox 1228 2492 1255 2532; x_wconf 86' lang='lat' dir='ltr'><strong>et</strong></span> 
     </span>
     <span class='ocr_line' id='line_1_22' title="bbox 192 2558 1254 2632; baseline 0.004 -24"><span class='ocrx_word' id='word_1_172' title='bbox 192 2569 275 2620; x_wconf 77' lang='lat' dir='ltr'><strong>teret,</strong></span> <span class='ocrx_word' id='word_1_173' title='bbox 298 2560 421 2627; x_wconf 78' lang='lat' dir='ltr'><strong>respiceret</strong></span> <span class='ocrx_word' id='word_1_174' title='bbox 444 2561 580 2630; x_wconf 86' lang='lat' dir='ltr'><strong>prolecto,</strong></span> <span class='ocrx_word' id='word_1_175' title='bbox 600 2561 622 2614; x_wconf 89' lang='lat' dir='ltr'><strong>si</strong></span> <span class='ocrx_word' id='word_1_176' title='bbox 644 2578 699 2613; x_wconf 89' lang='lat' dir='ltr'><strong>non</strong></span> <span class='ocrx_word' id='word_1_177' title='bbox 743 2560 861 2632; x_wconf 87' lang='lat' dir='ltr'><strong>quinque</strong></span> <span class='ocrx_word' id='word_1_178' title='bbox 877 2559 1040 2614; x_wconf 74' lang='lat' dir='ltr'><strong>udicinibus</strong></span> <span class='ocrx_word' id='word_1_179' title='bbox 1054 2560 1163 2613; x_wconf 80' lang='lat' dir='ltr'><strong>comites</strong></span> <span class='ocrx_word' id='word_1_180' title='bbox 1182 2558 1254 2626; x_wconf 78' lang='lat' dir='ltr'><strong>deti,</strong></span> 
     </span>
     <span class='ocr_line' id='line_1_23' title="bbox 191 2635 1254 2712; baseline 0.005 -25"><span class='ocrx_word' id='word_1_181' title='bbox 191 2635 306 2706; x_wconf 76' lang='lat' dir='ltr'><strong>petriam</strong></span> <span class='ocrx_word' id='word_1_182' title='bbox 318 2637 430 2704; x_wconf 75' lang='lat' dir='ltr'><strong>victum,</strong></span> <span class='ocrx_word' id='word_1_183' title='bbox 444 2637 555 2692; x_wconf 74' lang='lat' dir='ltr'><strong>doumt</strong></span> <span class='ocrx_word' id='word_1_184' title='bbox 570 2653 641 2693; x_wconf 83' lang='lat' dir='ltr'><strong>certe</strong></span> <span class='ocrx_word' id='word_1_185' title='bbox 657 2659 702 2712; x_wconf 78' lang='lat' dir='ltr'><strong>ps·</strong></span> <span class='ocrx_word' id='word_1_186' title='bbox 742 2651 801 2692; x_wconf 82' lang='lat' dir='ltr'><strong>tum</strong></span> <span class='ocrx_word' id='word_1_187' title='bbox 814 2652 886 2694; x_wconf 79' lang='lat' dir='ltr'><strong>certe</strong></span> <span class='ocrx_word' id='word_1_188' title='bbox 903 2640 957 2694; x_wconf 88' lang='lat' dir='ltr'><strong>suis</strong></span> <span class='ocrx_word' id='word_1_189' title='bbox 972 2639 1099 2694; x_wconf 81' lang='lat' dir='ltr'><strong>oenuniis</strong></span> <span class='ocrx_word' id='word_1_190' title='bbox 1116 2659 1171 2692; x_wconf 91' lang='lat' dir='ltr'><strong>non</strong></span> <span class='ocrx_word' id='word_1_191' title='bbox 1186 2657 1254 2712; x_wconf 76' lang='lat' dir='ltr'><strong>pre·</strong></span> 
     </span>
     <span class='ocr_line' id='line_1_24' title="bbox 192 2715 1253 2791; baseline 0.003 -23"><span class='ocrx_word' id='word_1_192' title='bbox 192 2728 360 2787; x_wconf 76' lang='lat' dir='ltr'><strong>tremqrrs,st</strong></span> <span class='ocrx_word' id='word_1_193' title='bbox 367 2715 465 2772; x_wconf 79' lang='lat' dir='ltr'><strong>fodere</strong></span> <span class='ocrx_word' id='word_1_194' title='bbox 474 2719 612 2772; x_wconf 79' lang='lat' dir='ltr'><strong>Amilesris</strong></span> <span class='ocrx_word' id='word_1_195' title='bbox 619 2739 701 2772; x_wconf 79' lang='lat' dir='ltr'><strong>menn</strong></span> <span class='ocrx_word' id='word_1_196' title='bbox 743 2732 827 2772; x_wconf 79' lang='lat' dir='ltr'><strong>eram.</strong></span> <span class='ocrx_word' id='word_1_197' title='bbox 847 2721 940 2791; x_wconf 73' lang='lat' dir='ltr'><strong>ltaque</strong></span> <span class='ocrx_word' id='word_1_198' title='bbox 954 2719 1062 2774; x_wconf 84' lang='lat' dir='ltr'><strong>Curtius</strong></span> <span class='ocrx_word' id='word_1_199' title='bbox 1077 2717 1178 2791; x_wconf 80' lang='lat' dir='ltr'><strong>aliquid</strong></span> <span class='ocrx_word' id='word_1_200' title='bbox 1195 2719 1253 2774; x_wconf 81' lang='lat' dir='ltr'><strong>vitii</strong></span> 
     </span>
     <span class='ocr_line' id='line_1_25' title="bbox 191 2794 1255 2872; baseline 0.003 -24"><span class='ocrx_word' id='word_1_201' title='bbox 191 2794 298 2864; x_wconf 79' lang='lat' dir='ltr'><strong>scripu.</strong></span> <span class='ocrx_word' id='word_1_202' title='bbox 313 2819 324 2841; x_wconf 79' lang='grc' dir='ltr'><strong>ι</strong></span> <span class='ocrx_word' id='word_1_203' title='bbox 743 2799 788 2852; x_wconf 87' lang='lat' dir='ltr'><strong>hic</strong></span> <span class='ocrx_word' id='word_1_204' title='bbox 799 2800 883 2854; x_wconf 84' lang='lat' dir='ltr'><strong>inesse</strong></span> <span class='ocrx_word' id='word_1_205' title='bbox 894 2800 1050 2872; x_wconf 77' lang='lat' dir='ltr'><strong>suspicetur.</strong></span> <span class='ocrx_word' id='word_1_206' title='bbox 1062 2801 1096 2853; x_wconf 86' lang='lat' dir='ltr'><strong>Et</strong></span> <span class='ocrx_word' id='word_1_207' title='bbox 1110 2813 1183 2852; x_wconf 83' lang='lat' dir='ltr'><strong>certe</strong></span> <span class='ocrx_word' id='word_1_208' title='bbox 1195 2818 1255 2851; x_wconf 80' lang='lat' dir='ltr'><strong>ms-</strong></span> 
     </span>
     <span class='ocr_line' id='line_1_26' title="bbox 235 2875 1256 2951; baseline 0.005 -24"><span class='ocrx_word' id='word_1_209' title='bbox 235 2894 263 2944; x_wconf 85' lang='lat'><strong>7.</strong></span> <span class='ocrx_word' id='word_1_210' title='bbox 286 2875 425 2928; x_wconf 77' lang='lat' dir='ltr'><strong>Tubicinum</strong></span> <span class='ocrx_word' id='word_1_211' title='bbox 440 2892 464 2930; x_wconf 83' lang='lat' dir='ltr'><strong>et</strong></span> <span class='ocrx_word' id='word_1_212' title='bbox 477 2883 629 2932; x_wconf 81' lang='lat' dir='ltr'><strong>cornicinum.</strong></span> <span class='ocrx_word' id='word_1_213' title='bbox 647 2881 703 2932; x_wconf 90' lang='lat' dir='ltr'><strong>Tu·</strong></span> <span class='ocrx_word' id='word_1_214' title='bbox 742 2897 795 2951; x_wconf 70' lang='lat' dir='ltr'><strong>gun</strong></span> <span class='ocrx_word' id='word_1_215' title='bbox 803 2881 916 2934; x_wconf 71' lang='lat' dir='ltr'><strong>varietus</strong></span> <span class='ocrx_word' id='word_1_216' title='bbox 925 2892 964 2934; x_wconf 82' lang='lat' dir='ltr'><strong>est</strong></span> <span class='ocrx_word' id='word_1_217' title='bbox 977 2879 1005 2934; x_wconf 81' lang='lat' dir='ltr'><strong>ln</strong></span> <span class='ocrx_word' id='word_1_218' title='bbox 1016 2877 1095 2934; x_wconf 81' lang='lat' dir='ltr'><strong>codd.</strong></span> <span class='ocrx_word' id='word_1_219' title='bbox 1109 2879 1256 2944; x_wconf 80' lang='lat' dir='ltr'><strong>Nonnulli,</strong></span> 
     </span>
     <span class='ocr_line' id='line_1_27' title="bbox 192 2954 1256 3032; baseline 0.005 -25"><span class='ocrx_word' id='word_1_220' title='bbox 192 2955 255 3007; x_wconf 80' lang='lat' dir='ltr'><strong>bam</strong></span> <span class='ocrx_word' id='word_1_221' title='bbox 264 2954 389 3018; x_wconf 51' lang='lat' dir='ltr'><strong>ductam,</strong></span> <span class='ocrx_word' id='word_1_222' title='bbox 399 2977 482 3010; x_wconf 88' lang='lat' dir='ltr'><strong>cornu</strong></span> <span class='ocrx_word' id='word_1_223' title='bbox 494 2961 613 3012; x_wconf 80' lang='lat' dir='ltr'><strong>incurvum</strong></span> <span class='ocrx_word' id='word_1_224' title='bbox 623 2959 702 3012; x_wconf 85' lang='lat' dir='ltr'><strong>luisse</strong></span> <span class='ocrx_word' id='word_1_225' title='bbox 745 2963 786 3031; x_wconf 82' lang='lat' dir='ltr'><strong>qui</strong></span> <span class='ocrx_word' id='word_1_226' title='bbox 797 2981 827 3012; x_wconf 78' lang='lat' dir='ltr'><strong>ec</strong></span> <span class='ocrx_word' id='word_1_227' title='bbox 841 2963 953 3012; x_wconf 78' lang='lat' dir='ltr'><strong>centuriis</strong></span> <span class='ocrx_word' id='word_1_228' title='bbox 962 2973 1094 3032; x_wconf 71' lang='lat' dir='ltr'><strong>preerant.</strong></span> <span class='ocrx_word' id='word_1_229' title='bbox 1108 2959 1205 3012; x_wconf 83' lang='lat' dir='ltr'><strong>Noster</strong></span> <span class='ocrx_word' id='word_1_230' title='bbox 1214 2961 1256 3023; x_wconf 87' lang='lat' dir='ltr'><strong>D,</strong></span> 
     </span>
     <span class='ocr_line' id='line_1_28' title="bbox 192 3032 1256 3106; baseline 0.004 -18"><span class='ocrx_word' id='word_1_231' title='bbox 192 3032 272 3088; x_wconf 86' lang='lat' dir='ltr'><strong>dccet</strong></span> <span class='ocrx_word' id='word_1_232' title='bbox 286 3033 367 3090; x_wconf 83' lang='lat' dir='ltr'><strong>Ovid.</strong></span> <span class='ocrx_word' id='word_1_233' title='bbox 383 3037 491 3090; x_wconf 71' lang='lat' dir='ltr'><strong>Metam.</strong></span> <span class='ocrx_word' id='word_1_234' title='bbox 504 3057 527 3103; x_wconf 88' lang='lat'><strong>1,</strong></span> <span class='ocrx_word' id='word_1_235' title='bbox 544 3039 581 3106; x_wconf 83' lang='lat'><strong>98</strong></span> <span class='ocrx_word' id='word_1_236' title='bbox 596 3057 603 3091; x_wconf 90' lang='lat'>:</span> <span class='ocrx_word' id='word_1_237' title='bbox 744 3062 758 3090; x_wconf 80' lang='lat' dir='ltr'><strong>e</strong></span> <span class='ocrx_word' id='word_1_238' title='bbox 769 3044 889 3094; x_wconf 63' lang='lat' dir='ltr'><strong>centuriis.</strong></span> <span class='ocrx_word' id='word_1_239' title='bbox 906 3041 993 3106; x_wconf 79' lang='lat' dir='ltr'><strong>Quem</strong></span> <span class='ocrx_word' id='word_1_240' title='bbox 1006 3040 1147 3094; x_wconf 85' lang='lat' dir='ltr'><strong>lectionem</strong></span> <span class='ocrx_word' id='word_1_241' title='bbox 1161 3041 1199 3093; x_wconf 87' lang='lat' dir='ltr'><strong>sio</strong></span> <span class='ocrx_word' id='word_1_242' title='bbox 1214 3040 1256 3092; x_wconf 90' lang='lat' dir='ltr'><strong>in·</strong></span> 
     </span>
     <span class='ocr_line' id='line_1_29' title="bbox 193 3119 1254 3192; baseline 0.007 -32"><span class='ocrx_word' id='word_1_243' title='bbox 193 3121 240 3160; x_wconf 76' lang='lat' dir='ltr'><strong>Nori</strong></span> <span class='ocrx_word' id='word_1_244' title='bbox 251 3123 298 3162; x_wconf 73' lang='lat' dir='ltr'><strong>tuns</strong></span> <span class='ocrx_word' id='word_1_245' title='bbox 307 3123 387 3170; x_wconf 69' lang='lat' dir='ltr'><strong>urnu&#39;.</strong></span> <span class='ocrx_word' id='word_1_246' title='bbox 396 3135 436 3162; x_wconf 84' lang='lat' dir='ltr'><strong>non</strong></span> <span class='ocrx_word' id='word_1_247' title='bbox 444 3126 487 3164; x_wconf 74' lang='lat' dir='ltr'><strong>sris</strong></span> <span class='ocrx_word' id='word_1_248' title='bbox 497 3137 570 3164; x_wconf 77' lang='lat' dir='ltr'><strong>cornu·</strong></span> <span class='ocrx_word' id='word_1_249' title='bbox 579 3125 629 3164; x_wconf 74' lang='lat' dir='ltr'><strong>uui.</strong></span> <span class='ocrx_word' id='word_1_250' title='bbox 744 3121 890 3191; x_wconf 30' lang='lat' dir='ltr'><strong>turpi-etati!</strong></span> <span class='ocrx_word' id='word_1_251' title='bbox 900 3121 1035 3192; x_wconf 69' lang='lat' dir='ltr'><strong>potueris:</strong></span> <span class='ocrx_word' id='word_1_252' title='bbox 1047 3147 1057 3167; x_wconf 74' lang='grc' dir='ltr'>ι</span> <span class='ocrx_word' id='word_1_253' title='bbox 1068 3119 1105 3172; x_wconf 77' lang='lat' dir='ltr'><strong>illi</strong></span> <span class='ocrx_word' id='word_1_254' title='bbox 1118 3123 1170 3192; x_wconf 75' lang='lat' dir='ltr'><strong>qui,</strong></span> <span class='ocrx_word' id='word_1_255' title='bbox 1178 3141 1191 3172; x_wconf 80' lang='lat' dir='ltr'><strong>s</strong></span> <span class='ocrx_word' id='word_1_256' title='bbox 1199 3137 1254 3172; x_wconf 84' lang='lat' dir='ltr'><strong>cett-</strong></span> 
     </span>
     <span class='ocr_line' id='line_1_30' title="bbox 233 3191 1254 3272; baseline 0.005 -27"><span class='ocrx_word' id='word_1_257' title='bbox 233 3191 310 3246; x_wconf 77' lang='lat' dir='ltr'><strong>Adde</strong></span> <span class='ocrx_word' id='word_1_258' title='bbox 320 3193 470 3248; x_wconf 74' lang='lat' dir='ltr'><strong>Varronem</strong></span> <span class='ocrx_word' id='word_1_259' title='bbox 481 3194 515 3248; x_wconf 92' lang='lat' dir='ltr'><strong>de</strong></span> <span class='ocrx_word' id='word_1_260' title='bbox 528 3196 630 3268; x_wconf 73' lang='lat' dir='ltr'><strong>Lingua</strong></span> <span class='ocrx_word' id='word_1_261' title='bbox 643 3198 700 3250; x_wconf 75' lang='lat' dir='ltr'><strong>Lat.</strong></span> <span class='ocrx_word' id='word_1_262' title='bbox 746 3203 816 3252; x_wconf 74' lang='lat' dir='ltr'><strong>surus</strong></span> <span class='ocrx_word' id='word_1_263' title='bbox 828 3199 931 3264; x_wconf 84' lang='lat' dir='ltr'><strong>educti,</strong></span> <span class='ocrx_word' id='word_1_264' title='bbox 948 3201 998 3254; x_wconf 91' lang='lat' dir='ltr'><strong>toti</strong></span> <span class='ocrx_word' id='word_1_265' title='bbox 1013 3198 1178 3272; x_wconf 79' lang='lat' dir='ltr'><strong>expeditioni</strong></span> <span class='ocrx_word' id='word_1_266' title='bbox 1187 3219 1254 3272; x_wconf 77' lang='lat' dir='ltr'><strong>pre·</strong></span> 
     </span>
     <span class='ocr_line' id='line_1_31' title="bbox 193 3273 1256 3350; baseline 0.006 -24"><span class='ocrx_word' id='word_1_267' title='bbox 193 3292 242 3326; x_wconf 81' lang='lat' dir='ltr'><strong>w:</strong></span> <span class='ocrx_word' id='word_1_268' title='bbox 259 3299 271 3320; x_wconf 79' lang='grc' dir='ltr'>ι</span> <span class='ocrx_word' id='word_1_269' title='bbox 291 3273 417 3339; x_wconf 77' lang='lat' dir='ltr'><strong>Coruin,</strong></span> <span class='ocrx_word' id='word_1_270' title='bbox 432 3293 491 3346; x_wconf 82' lang='lat' dir='ltr'><strong>quse</strong></span> <span class='ocrx_word' id='word_1_271' title='bbox 506 3293 576 3330; x_wconf 89' lang='lat' dir='ltr'><strong>nnnc</strong></span> <span class='ocrx_word' id='word_1_272' title='bbox 590 3277 659 3330; x_wconf 87' lang='lat' dir='ltr'><strong>liunt</strong></span> <span class='ocrx_word' id='word_1_273' title='bbox 670 3295 701 3330; x_wconf 83' lang='lat' dir='ltr'><strong>ex</strong></span> <span class='ocrx_word' id='word_1_274' title='bbox 745 3293 822 3333; x_wconf 78' lang='lat' dir='ltr'><strong>erant.</strong></span> <span class='ocrx_word' id='word_1_275' title='bbox 836 3281 926 3332; x_wconf 79' lang='lat' dir='ltr'><strong>»Nam</strong></span> <span class='ocrx_word' id='word_1_276' title='bbox 938 3280 1122 3344; x_wconf 86' lang='lat' dir='ltr'><strong>centuriones,</strong></span> <span class='ocrx_word' id='word_1_277' title='bbox 1136 3279 1256 3350; x_wconf 77' lang='lat' dir='ltr'><strong>quemvis</strong></span> 
     </span>
     <span class='ocr_line' id='line_1_32' title="bbox 195 3353 1257 3430; baseline 0.005 -24"><span class='ocrx_word' id='word_1_278' title='bbox 195 3372 262 3419; x_wconf 76' lang='lat' dir='ltr'><strong>aere,</strong></span> <span class='ocrx_word' id='word_1_279' title='bbox 272 3353 467 3408; x_wconf 84' lang='lat' dir='ltr'><strong>tuncebubnld</strong></span> <span class='ocrx_word' id='word_1_280' title='bbox 477 3357 698 3410; x_wconf 76' lang='lat' dir='ltr'><strong>cornutiebmt.·</strong></span> <span class='ocrx_word' id='word_1_281' title='bbox 745 3359 871 3430; x_wconf 82' lang='lat' dir='ltr'><strong>Ligurem</strong></span> <span class='ocrx_word' id='word_1_282' title='bbox 886 3354 989 3412; x_wconf 84' lang='lat' dir='ltr'><strong>itineris</strong></span> <span class='ocrx_word' id='word_1_283' title='bbox 1004 3357 1100 3412; x_wconf 88' lang='lat' dir='ltr'><strong>ducem</strong></span> <span class='ocrx_word' id='word_1_284' title='bbox 1115 3359 1257 3423; x_wconf 76' lang='lat' dir='ltr'><strong>heberent,</strong></span> 
     </span>
     <span class='ocr_line' id='line_1_33' title="bbox 194 3433 1254 3510; baseline 0.007 -27"><span class='ocrx_word' id='word_1_285' title='bbox 194 3465 235 3474; x_wconf 93' lang='lat'><em>-</em></span> <span class='ocrx_word' id='word_1_286' title='bbox 245 3433 358 3504; x_wconf 74' lang='lat' dir='ltr'><strong>Qucum</strong></span> <span class='ocrx_word' id='word_1_287' title='bbox 366 3439 519 3488; x_wconf 71' lang='lat' dir='ltr'><strong>contritiones.</strong></span> <span class='ocrx_word' id='word_1_288' title='bbox 530 3435 627 3488; x_wconf 74' lang='lat' dir='ltr'><strong>Putant</strong></span> <span class='ocrx_word' id='word_1_289' title='bbox 638 3455 704 3488; x_wconf 89' lang='lat' dir='ltr'><strong>non·</strong></span> <span class='ocrx_word' id='word_1_290' title='bbox 743 3439 853 3508; x_wconf 76' lang='lat' dir='ltr'><strong>negotio</strong></span> <span class='ocrx_word' id='word_1_291' title='bbox 866 3451 954 3492; x_wconf 82' lang='lat' dir='ltr'><strong>temen</strong></span> <span class='ocrx_word' id='word_1_292' title='bbox 967 3439 1102 3510; x_wconf 69' lang='lat' dir='ltr'><strong>proluisse</strong></span> <span class='ocrx_word' id='word_1_293' title='bbox 1113 3438 1254 3492; x_wconf 83' lang='lat' dir='ltr'><strong>verisimile</strong></span> 
     </span>
     <span class='ocr_line' id='line_1_34' title="bbox 195 3512 1255 3586; baseline 0.008 -20"><span class='ocrx_word' id='word_1_294' title='bbox 195 3512 262 3566; x_wconf 77' lang='lat' dir='ltr'><strong>nulli</strong></span> <span class='ocrx_word' id='word_1_295' title='bbox 276 3513 407 3568; x_wconf 80' lang='lat' dir='ltr'><strong>centurius</strong></span> <span class='ocrx_word' id='word_1_296' title='bbox 419 3533 526 3586; x_wconf 90' lang='lat' dir='ltr'><strong>quoque</strong></span> <span class='ocrx_word' id='word_1_297' title='bbox 539 3534 600 3568; x_wconf 84' lang='lat' dir='ltr'><strong>cum</strong></span> <span class='ocrx_word' id='word_1_298' title='bbox 613 3529 704 3568; x_wconf 82' lang='lat' dir='ltr'><strong>centu-</strong></span> <span class='ocrx_word' id='word_1_299' title='bbox 747 3531 795 3572; x_wconf 80' lang='lat' dir='ltr'><strong>est.</strong></span> <span class='ocrx_word' id='word_1_300' title='bbox 818 3517 864 3570; x_wconf 87' lang='lat' dir='ltr'><strong>Sin</strong></span> <span class='ocrx_word' id='word_1_301' title='bbox 888 3517 980 3583; x_wconf 80' lang='lat' dir='ltr'><strong>aliter,</strong></span> <span class='ocrx_word' id='word_1_302' title='bbox 999 3536 1048 3570; x_wconf 91' lang='lat' dir='ltr'><strong>cur</strong></span> <span class='ocrx_word' id='word_1_303' title='bbox 1066 3517 1255 3575; x_wconf 73' lang='lat' dir='ltr'><strong>centuriones,</strong></span> 
     </span>
     <span class='ocr_line' id='line_1_35' title="bbox 193 3591 1257 3669; baseline 0.006 -25"><span class='ocrx_word' id='word_1_304' title='bbox 193 3591 315 3646; x_wconf 76' lang='lat' dir='ltr'><strong>sionibus</strong></span> <span class='ocrx_word' id='word_1_305' title='bbox 336 3595 427 3648; x_wconf 80' lang='lat' dir='ltr'><strong>misses</strong></span> <span class='ocrx_word' id='word_1_306' title='bbox 446 3595 534 3648; x_wconf 84' lang='lat' dir='ltr'><strong>luisse.</strong></span> <span class='ocrx_word' id='word_1_307' title='bbox 557 3593 610 3650; x_wconf 82' lang='lat' dir='ltr'><strong>Sed</strong></span> <span class='ocrx_word' id='word_1_308' title='bbox 624 3595 704 3666; x_wconf 78' lang='lat' dir='ltr'><strong>louge</strong></span> <span class='ocrx_word' id='word_1_309' title='bbox 745 3617 801 3650; x_wconf 88' lang='lat' dir='ltr'><strong>non</strong></span> <span class='ocrx_word' id='word_1_310' title='bbox 824 3598 920 3651; x_wconf 87' lang='lat' dir='ltr'><strong>milites</strong></span> <span class='ocrx_word' id='word_1_311' title='bbox 937 3598 1054 3669; x_wconf 70' lang='lat' dir='ltr'><strong>elegisset</strong></span> <span class='ocrx_word' id='word_1_312' title='bbox 1074 3597 1195 3650; x_wconf 75' lang='lat' dir='ltr'><strong>Murius?</strong></span> <span class='ocrx_word' id='word_1_313' title='bbox 1217 3629 1257 3640; x_wconf 91' lang='lat'><em>-</em></span> 
     </span>
     <span class='ocr_line' id='line_1_36' title="bbox 193 3671 1199 3747; baseline 0.004 -21"><span class='ocrx_word' id='word_1_314' title='bbox 193 3671 272 3726; x_wconf 76' lang='lat' dir='ltr'><strong>aliter</strong></span> <span class='ocrx_word' id='word_1_315' title='bbox 300 3671 430 3740; x_wconf 86' lang='lat' dir='ltr'><strong>Cortius,</strong></span> <span class='ocrx_word' id='word_1_316' title='bbox 464 3675 508 3728; x_wconf 84' lang='lat' dir='ltr'><strong>cni</strong></span> <span class='ocrx_word' id='word_1_317' title='bbox 536 3676 701 3730; x_wconf 79' lang='lat' dir='ltr'><strong>assentimur.</strong></span> <span class='ocrx_word' id='word_1_318' title='bbox 746 3677 914 3730; x_wconf 65' lang='lat' dir='ltr'><strong>Producant</strong></span> <span class='ocrx_word' id='word_1_319' title='bbox 927 3678 993 3730; x_wconf 65' lang='lat' dir='ltr'><strong>disce</strong></span> <span class='ocrx_word' id='word_1_320' title='bbox 1010 3676 1199 3747; x_wconf 73' lang='lat' dir='ltr'><strong>SceLigure.</strong></span> 
     </span>
     <span class='ocr_line' id='line_1_37' title="bbox 198 3752 1256 3828; baseline 0.004 -22"><span class='ocrx_word' id='word_1_321' title='bbox 198 3775 210 3798; x_wconf 83' lang='lat'><em>.</em></span> <span class='ocrx_word' id='word_1_322' title='bbox 227 3752 322 3824; x_wconf 82' lang='lat' dir='ltr'><strong>Neque</strong></span> <span class='ocrx_word' id='word_1_323' title='bbox 335 3755 408 3810; x_wconf 83' lang='lat' dir='ltr'><strong>eninr</strong></span> <span class='ocrx_word' id='word_1_324' title='bbox 425 3755 529 3825; x_wconf 59' lang='lat' dir='ltr'><strong>plurem</strong></span> <span class='ocrx_word' id='word_1_325' title='bbox 540 3755 627 3828; x_wconf 86' lang='lat' dir='ltr'><strong>inquit</strong></span> <span class='ocrx_word' id='word_1_326' title='bbox 642 3755 703 3822; x_wconf 87' lang='lat' dir='ltr'><strong>ille,</strong></span> <span class='ocrx_word' id='word_1_327' title='bbox 767 3759 771 3770; x_wconf 91' lang='grc'><em>“</em></span> <span class='ocrx_word' id='word_1_328' title='bbox 790 3777 814 3810; x_wconf 82' lang='lat' dir='ltr'><strong>s.</strong></span> <span class='ocrx_word' id='word_1_329' title='bbox 827 3759 937 3810; x_wconf 80' lang='lat' dir='ltr'><strong>Facilius</strong></span> <span class='ocrx_word' id='word_1_330' title='bbox 943 3759 1018 3825; x_wconf 79' lang='lat' dir='ltr'><strong>soret.</strong></span> <span class='ocrx_word' id='word_1_331' title='bbox 1032 3757 1072 3810; x_wconf 86' lang='lat' dir='ltr'><strong>Ita</strong></span> <span class='ocrx_word' id='word_1_332' title='bbox 1082 3757 1161 3828; x_wconf 75' lang='lat' dir='ltr'><strong>longe</strong></span> <span class='ocrx_word' id='word_1_333' title='bbox 1174 3758 1256 3810; x_wconf 76' lang='lat' dir='ltr'><strong>mui-</strong></span> 
     </span>
     <span class='ocr_line' id='line_1_38' title="bbox 193 3829 1256 3909; baseline 0.006 -24"><span class='ocrx_word' id='word_1_334' title='bbox 193 3849 275 3902; x_wconf 77' lang='lat' dir='ltr'><strong>qnam</strong></span> <span class='ocrx_word' id='word_1_335' title='bbox 286 3829 378 3886; x_wconf 85' lang='lat' dir='ltr'><strong>decem</strong></span> <span class='ocrx_word' id='word_1_336' title='bbox 388 3835 510 3896; x_wconf 79' lang='lat' dir='ltr'><strong>homines</strong></span> <span class='ocrx_word' id='word_1_337' title='bbox 522 3835 630 3888; x_wconf 82' lang='lat' dir='ltr'><strong>luerunt</strong></span> <span class='ocrx_word' id='word_1_338' title='bbox 639 3873 648 3901; x_wconf 86' lang='lat'><strong>,</strong></span> <span class='ocrx_word' id='word_1_339' title='bbox 656 3837 704 3907; x_wconf 88' lang='lat' dir='ltr'><strong>qui</strong></span> <span class='ocrx_word' id='word_1_340' title='bbox 748 3855 858 3909; x_wconf 77' lang='lat' dir='ltr'><strong>mapsrs</strong></span> <span class='ocrx_word' id='word_1_341' title='bbox 865 3833 943 3892; x_wconf 85' lang='lat' dir='ltr'><strong>codd.</strong></span> <span class='ocrx_word' id='word_1_342' title='bbox 952 3835 1046 3892; x_wconf 84' lang='lat' dir='ltr'><strong>etedd.</strong></span> <span class='ocrx_word' id='word_1_343' title='bbox 1058 3837 1153 3901; x_wconf 81' lang='lat' dir='ltr'><strong>Peuci,</strong></span> <span class='ocrx_word' id='word_1_344' title='bbox 1156 3837 1256 3904; x_wconf 76' lang='lat' dir='ltr'><strong>fusilis,</strong></span> 
     </span>
     <span class='ocr_line' id='line_1_39' title="bbox 190 3911 1258 3989; baseline 0.006 -25"><span class='ocrx_word' id='word_1_345' title='bbox 190 3911 228 3964; x_wconf 82' lang='lat' dir='ltr'><strong>sb</strong></span> <span class='ocrx_word' id='word_1_346' title='bbox 246 3930 338 3966; x_wconf 73' lang='lat' dir='ltr'><strong>evorea</strong></span> <span class='ocrx_word' id='word_1_347' title='bbox 360 3927 433 3986; x_wconf 79' lang='lat' dir='ltr'><strong>perte</strong></span> <span class='ocrx_word' id='word_1_348' title='bbox 449 3913 631 3968; x_wconf 87' lang='lat' dir='ltr'><strong>escenderunt.</strong></span> <span class='ocrx_word' id='word_1_349' title='bbox 648 3915 704 3970; x_wconf 90' lang='lat' dir='ltr'><strong>Nec</strong></span> <span class='ocrx_word' id='word_1_350' title='bbox 747 3930 794 3970; x_wconf 79' lang='lat' dir='ltr'><strong>sut</strong></span> <span class='ocrx_word' id='word_1_351' title='bbox 803 3919 914 3984; x_wconf 77' lang='lat' dir='ltr'><strong>facilior.</strong></span> <span class='ocrx_word' id='word_1_352' title='bbox 931 3917 1124 3972; x_wconf 74' lang='lat' dir='ltr'><strong>Aduerbisliter</strong></span> <span class='ocrx_word' id='word_1_353' title='bbox 1140 3917 1258 3989; x_wconf 63' lang='lat' dir='ltr'><strong>intellige</strong></span> 
     </span>
     <span class='ocr_line' id='line_1_40' title="bbox 194 3989 1257 4067; baseline 0.003 -22"><span class='ocrx_word' id='word_1_354' title='bbox 194 3989 267 4045; x_wconf 69' lang='lat' dir='ltr'><strong>allud</strong></span> <span class='ocrx_word' id='word_1_355' title='bbox 285 3993 427 4050; x_wconf 68' lang='lat' dir='ltr'><strong>camillum</strong></span> <span class='ocrx_word' id='word_1_356' title='bbox 438 3995 489 4050; x_wconf 81' lang='lat' dir='ltr'><strong>luit</strong></span> <span class='ocrx_word' id='word_1_357' title='bbox 502 3995 597 4060; x_wconf 70' lang='lat' dir='ltr'><strong>Marii,</strong></span> <span class='ocrx_word' id='word_1_358' title='bbox 609 3995 661 4050; x_wconf 79' lang='lat' dir='ltr'><strong>nisi</strong></span> <span class='ocrx_word' id='word_1_359' title='bbox 674 4010 703 4048; x_wconf 87' lang='lat' dir='ltr'><strong>ut</strong></span> <span class='ocrx_word' id='word_1_360' title='bbox 741 3999 892 4064; x_wconf 71' lang='lat' dir='ltr'><strong>facilius-</strong></span> <span class='ocrx_word' id='word_1_361' title='bbox 899 3998 1257 4067; x_wconf 58' lang='lat' dir='ltr'><strong>Ponderisgrcticsimulmtc.</strong></span> 
     </span>
     <span class='ocr_line' id='line_1_41' title="bbox 195 4069 1257 4149; baseline 0.008 -27"><span class='ocrx_word' id='word_1_362' title='bbox 195 4069 236 4124; x_wconf 88' lang='lat' dir='ltr'><strong>illi</strong></span> <span class='ocrx_word' id='word_1_363' title='bbox 253 4083 356 4126; x_wconf 80' lang='lat' dir='ltr'><strong>terrore</strong></span> <span class='ocrx_word' id='word_1_364' title='bbox 370 4087 544 4130; x_wconf 86' lang='lat' dir='ltr'><strong>concuterent</strong></span> <span class='ocrx_word' id='word_1_365' title='bbox 558 4074 702 4141; x_wconf 64' lang='lat' dir='ltr'><strong>Nomium</strong></span> <span class='ocrx_word' id='word_1_366' title='bbox 746 4075 831 4130; x_wconf 86' lang='lat' dir='ltr'><strong>Simul</strong></span> <span class='ocrx_word' id='word_1_367' title='bbox 837 4078 982 4132; x_wconf 85' lang='lat' dir='ltr'><strong>ntmiuoris</strong></span> <span class='ocrx_word' id='word_1_368' title='bbox 988 4075 1257 4149; x_wconf 64' lang='lat' dir='ltr'><strong>ponderisossenusi·</strong></span> 
     </span>
    </p>
   </div>
   <div class='ocr_carea' id='block_1_4' title="bbox 0 0 1478 4654">
    <p class='ocr_par' dir='ltr' id='par_1_5' title="bbox 0 0 1478 4654">
     <span class='ocr_line' id='line_1_42' title="bbox 0 0 1478 4654; baseline 0 0"><span class='ocrx_word' id='word_1_369' title='bbox 0 0 1478 4654; x_wconf 95' lang='lat' dir='ltr'><strong> </strong></span> 
     </span>
    </p>
   </div>
  </div>
 </body>
</html>
