2922 4642
167 385 1090 412 mmmmm
1136 389 1229 410 m

265 567 469 726 uc.
513 567 1137 724 SALLUSTII
1220 517 1226 530 ’

194 868 534 972 BELLUM
581 865 1217 994 CATILINARIUM,¹

651 1100 755 1158 SIVE

260 1285 336 1364 DE
363 1281 810 1365 CONJURATIONE
836 1277 1146 1382 CATILINAE.

516 1499 905 1534 *⁴0*—

173 1659 393 1782 I.¹On11s1s
413 1706 563 1775 homines
581 1703 605 1796 ²,
618 1707 674 1802 qui
695 1729 765 1776 sese
785 1691 938 1776 student³
953 1719 1109 1800 praestare
1122 1709 1239 1776 ceteris

175 1811 388 1901 animalibus,
403 1837 531 1882 summa
548 1837 611 1907 ope
628 1813 688 1880 niti
701 1811 795 1881 decet
811 1813 913 1882 vitam
932 1811 1059 1882 silentio
1075 1838 1118 1882 nc
1132 1828 1238 1884 trans·

216 2013 281 2066 Cn.
291 2014 313 2065 1.
330 2031 354 2065 ι.
366 2013 399 2064 ln
413 2023 526 2084 quotuor
538 2011 631 2083 primis
644 2030 685 2065 ca-
769 2031 794 2064 ι.
808 2011 894 2064 Omnis
908 2012 1025 2075 lomina,
1037 2031 1088 2083 pro
1103 2033 1182 2066 omnes
1197 2015 1239 2066 lo·

174 2092 225 2164 pit
239 2092 345 2162 exponit
356 2091 508 2157 Sallustius,
519 2109 571 2163 qua
583 2091 684 2144 ratione
727 2093 807 2142 mines.
824 2095 895 2162 ipro
911 2111 924 2142 e
938 2091 1018 2162 vulgo
1033 2103 1142 2163 usurpat
1156 2093 1184 2144 in
1199 2111 1239 2145 ac·

175 2170 211 2224 ed
237 2170 385 2225 scribendas
410 2171 531 2225 historias
558 2171 684 2243 impulsus
727 2169 843 2222 cusatiro
853 2169 948 2240 plurali
959 2171 1044 2222 tertie
1056 2169 1238 2224 declinationis

176 2251 255 2304 inerit
267 2269 275 2303 τ
286 2251 384 2304 scilicet
397 2251 534 2304 hominem
546 2249 622 2304 decet
637 2251 684 2304 nli·
727 2249 889 2320 antiquitatis
905 2261 1006 2302 amator
1021 2249 1164 2303 Sallustius.
1181 2249 1239 2304 Hoc
1291 2291 1294 2298 ,

176 2349 255 2402 qnam
279 2333 320 2384 sui
342 2331 497 2384 memoriam
521 2331 684 2402 relinqnem
728 2333 739 2380 ι’
751 2341 842 2382 notum
860 2341 899 2381 est
918 2347 933 2382 e
952 2327 1119 2401 diphthongo
1132 2333 1162 2382 ei.
1180 2329 1238 2381 Imo

177 2409 247 2482 qnod
261 2409 371 2482 quidem
385 2412 481 2466 certius
494 2411 641 2483 rectiusque
653 2410 685 2464 fit
727 2427 775 2480 per
786 2405 892 2481 diphth.
906 2409 986 2464 scribi
996 2409 1054 2463 vult
1065 2409 1239 2463 Terentianus
1325 2441 1329 2452 ι

178 2491 274 2562 ingenii
288 2509 370 2562 quam
391 2491 510 2563 corporis
523 2491 592 2544 vires
611 2509 685 2543 exer·
728 2493 834 2554 omneis,
858 2487 892 2542 sd
922 2489 1064 2562 pluralium
1094 2507 1239 2562 gracorum

177 2569 269 2624 cendo.
289 2571 375 2623 Porro
395 2571 438 2623 vel
458 2591 500 2624 res
521 2589 627 2642 gerere,
644 2570 685 2622 vel
727 2567 910 2622 imitationem.
933 2569 1096 2634 Priscianus,
1114 2569 1160 2622 lib.
1175 2587 1237 2621 vn:

178 2651 209 2702 ah
224 2649 283 2703 aliis
301 2663 384 2720 gestas
399 2651 527 2716 scribere,
545 2663 687 2720 utrumque
732 2674 744 2696 ι
773 2647 902 2702 Omnium
929 2667 988 2721 qun
1015 2661 1069 2702 tem
1096 2648 1239 2702 nominati·

178 2741 203 2782 et
217 2729 318 2802 ingenii
333 2749 400 2802 opus
416 2743 468 2796 est,
482 2742 509 2783 et
522 2729 632 2801 gloriam
647 2729 686 2781 oi·
728 2745 792 2780 vum
805 2747 883 2800 quam
902 2730 1046 2799 genitivum
1063 2728 1174 2782 similem
1192 2729 1240 2782 ho·

178 2808 235 2861 lert.
251 2809 344 2874 Quum
358 2827 422 2863 vero
437 2821 464 2862 et
482 2809 538 2882 ipse
556 2809 620 2862 olim
636 2827 686 2880 pu·
728 2808 807 2872 hent,
817 2827 911 2861 eorum
922 2809 1081 2862 accusativus
1091 2827 1151 2861 raro
1163 2807 1240 2874 ines,

178 2887 244 2941 blica
256 2889 552 2959 mnnernobierit,jmn
562 2888 687 2942 molestiis
729 2885 879 2959 frequenter
903 2889 931 2940 in
949 2893 983 2950 t's,
1005 2889 1071 2940 solet
1091 2887 1239 2952 terminari,
1267 2907 1270 2915 ·

178 2968 343 3034 absterritus,
352 2969 437 3021 otium
448 2987 524 3022 suum
535 2965 568 3020 ed
578 2968 689 3039 perscri-
730 2977 760 3017 nt
781 2967 819 3018 tte
837 2978 861 3018 et
876 2967 926 3018 loec
944 2985 1044 3032 omnis,
1057 2967 1126 3036 hujus
1142 2985 1240 3031 οιιιιιι,

180 3045 277 3100 bendas
297 3066 340 3101 res
364 3060 446 3120 gestas
470 3047 562 3120 populi
584 3045 688 3100 romani
730 3045 773 3096 lws
783 3057 809 3096 et
822 3046 971 3098 Iasonius.
986 3045 1046 3098 salt.
1063 3046 1139 3100 Cat:
1155 3045 1240 3098 Omm's

180 3127 297 3180 conferre
304 3128 403 3180 statuit.
413 3127 461 3180 His
470 3139 557 3180 autem
566 3125 688 3182 omnihus
731 3124 834 3178 homines
852 3129 894 3197 qui
910 3145 959 3178 sese
980 3127 1082 3178 smelent.
1101 3125 1240 3178 Terentius

181 3207 261 3260 multa
275 3207 409 3260 interserit
427 3207 615 3280 sapientissime
629 3206 689 3278 qui-
730 3203 759 3256 in
779 3201 902 3256 Andria:
924 3205 1009 3257 Omnis
1028 3223 1071 3256 nos
1088 3204 1201 3273 gaudere.
1224 3229 1237 3250 ι

181 3284 240 3339 dem
261 3287 407 3358 excogitata
430 3299 457 3340 et
480 3287 583 3358 egregie
603 3283 689 3349 dicta,
732 3283 798 3349 Qun
818 3297 904 3338 tamen
924 3283 1056 3354 aliquanto
1074 3283 1151 3336 latius
1168 3294 1241 3354 patet

182 3365 225 3418 sed
238 3385 297 3439 qnae
311 3387 366 3420 non
381 3367 445 3421 huic
457 3366 539 3438 magis
552 3383 631 3438 quem
646 3366 690 3418 alii
731 3363 830 3434 regule.
841 3363 908 3415 Nam
920 3361 1062 3433 Virgilius,
1077 3373 1142 3439 teste
1152 3359 1240 3414 Gellio

181 3447 289 3499 cuilibet
306 3447 423 3500 historie
444 3446 584 3500 coherent.
598 3445 690 3517 Itaque
732 3459 798 3507 am,
809 3461 859 3507 ιο,
875 3467 886 3490 ι
902 3439 1010 3494 disemis
1020 3441 1049 3493 in
1061 3439 1126 3493 locis
1138 3441 1205 3492 urbes
1215 3453 1241 3494 et

182 3523 246 3579 dicit
258 3526 438 3592 Quintilianus
446 3528 522 3592 ιιι,8
538 3545 544 3579 :
559 3552 570 3573 ι
583 3524 691 3598 Crispus
733 3521 798 3575 urbis
825 3521 912 3588 dixit,
938 3521 1047 3574 arbitrio
1078 3519 1242 3591 consilioque

182 3605 316 3659 Sallustius
342 3607 371 3660 in
394 3605 465 3659 bello
483 3605 643 3677 Iugurthino
664 3617 692 3658 et
732 3621 796 3656 usus
810 3600 1029 3674 auris.Georg.r,
1043 3601 1098 3654 25:
1114 3600 1241 3652 Usnrsne

182 3685 335 3740 Catilinario
351 3686 421 3740 nihil
433 3684 467 3740 sd
481 3685 617 3738 historiam
630 3703 691 3757 per·
733 3685 831 3737 ὶιιυίιοιι
845 3682 937 3736 Coesar.
949 3684 1010 3736 AEn.
1028 3699 1074 3744 ιιι,
1091 3683 1163 3734 106:
1178 3679 1241 3733 Cen-

182 3763 327 3820 tinentibns
353 3764 492 3838 principiis
510 3783 584 3820 orsus
603 3777 649 3818 est.
676 3790 688 3812 ι
735 3773 784 3814 mm
798 3781 883 3817 unnss
897 3763 1126 3830 habitantntagnas.
1143 3787 1154 3807 ι

183 3843 248 3909 Quas
262 3863 304 3898 res
319 3859 453 3918 utcunque
465 3846 514 3912 sit,
527 3863 574 3898 nos
590 3843 691 3897 felicem
776 3843 802 3896 3.
817 3841 872 3896 Sese
892 3843 988 3896 student
998 3851 1121 3912 prestare.
1137 3839 1244 3893 Poterat

182 3925 300 3996 culpam,
313 3927 335 3978 si
355 3928 435 3999 culpa
457 3937 511 3991 est,
529 3923 689 3996 judicemus,
733 3939 838 3995 quoque
850 3919 918 3990 dici,
933 3923 989 3976 sine
1004 3920 1161 3992 pronomine
1174 3937 1181 3974 t
1194 3930 1243 3972 stu·
1334 3959 1342 3984 ,

182 4021 214 4056 ex
229 4023 280 4076 qua
302 4007 379 4061 nobis
398 4019 454 4062 tem
468 4005 591 4079 proclam
604 4005 690 4078 legere
733 4003 790 4054 dent
799 4017 923 4074 prestare.
939 4002 1055 4054 Sensus:
1072 4001 1175 4056 efficere
1197 4018 1243 4055 cu·

182 4085 325 4156 confingat.
732 4082 811 4154 piunt
825 4093 855 4136 ut
866 4081 915 4154 ipsi
930 4091 1062 4154 prestent.
