2922 4642
538 349 822 463 inmrsrro.
1177 420 1214 466 nt

139 534 339 633 expositio,
356 556 424 604 seu
440 531 553 622 bona,
572 559 637 606 seu
655 535 766 621 mala,
781 547 879 605 certe
900 549 1024 605 nostra
1043 549 1106 605 est.
1126 533 1214 607 Alla-

141 664 197 720 tos
220 646 377 746 quidem
405 671 425 718 e
452 647 568 720 latinis
588 651 754 746 graecisve
778 647 986 720 auctoribus
1008 648 1109 720 locos
1134 652 1216 748 quis

140 756 226 834 ante
247 787 319 834 nos
336 763 413 858 jam
440 762 632 853 attulisset,
656 787 922 862 nonnunquam
948 763 1216 862 supersedimus

144 903 306 948 monere.
336 877 435 967 Quid
463 880 560 948 enim
586 877 683 949 istud
712 878 757 948 ad
783 879 984 950 lectorem?
1008 877 1078 950 hoc
1102 877 1216 952 lector

146 991 344 1080 desiderat,
365 1007 408 1062 ut
433 994 510 1064 sine
536 1017 658 1065 errore
681 993 878 1098 indicetur,
904 994 1001 1068 unde
1024 995 1126 1067 locus
1151 994 1215 1068 de·

148 1123 294 1206 cerptus
309 1111 365 1180 sit.
383 1113 461 1180 Hoc
473 1109 665 1208 diligenter
678 1111 847 1182 cavimus.
860 1111 1035 1182 Dedimus
1049 1135 1215 1210 operam,

148 1223 270 1319 quoad
299 1223 424 1294 saitem
450 1225 488 1294 in
514 1221 622 1295 nobis
646 1222 733 1312 fuit,
756 1239 799 1295 ut
822 1226 1072 1322 interpretatio
1095 1239 1217 1296 nostra

148 1352 184 1408 et
208 1363 266 1410 res
290 1354 327 1412 et
356 1337 465 1411 verba
492 1339 827 1438 comprehenderet.
858 1341 973 1437 Igitur
1002 1364 1078 1412 non
1106 1339 1216 1412 modo

148 1452 371 1550 singularum
397 1477 529 1532 vocum
553 1468 589 1525 et
618 1454 879 1526 sententiarum
904 1455 996 1542 vim,
1021 1453 1084 1524 sed
1109 1455 1217 1524 etiam

146 1569 305 1666 ipsarum
348 1570 608 1641 sententiarum
647 1570 743 1640 inter
774 1593 811 1642 se
844 1569 1143 1665 conjunctionem
1182 1583 1218 1640 et

145 1707 268 1754 rerum
296 1685 426 1756 seriem
455 1684 648 1756 ostendere
678 1685 892 1756 studuimus.
925 1691 1017 1757 Item
1043 1685 1145 1782 quod
1173 1684 1219 1756 ad

144 1823 266 1870 mores
291 1815 326 1871 et
352 1799 537 1871 historiam
561 1801 718 1898 pertinet
745 1802 951 1872 notavimus
974 1799 1101 1872 sedulo
1117 1827 1126 1888 ;
1144 1825 1218 1898 qna

145 1915 184 1983 in
204 1913 338 1985 laboris
363 1916 478 1986 nostri
504 1929 605 2012 parte
628 1916 866 1986 certissimum
893 1915 1217 2012 doctissimumque

146 2025 276 2100 ducem
301 2027 497 2099 babuimus
518 2028 576 2127 (le
583 2029 775 2127 president
790 2035 846 2100 De
863 2028 1027 2122 Brosses)
1049 2031 1095 2101 de
1117 2030 1218 2124 cujus

146 2140 332 2225 laudibus,
351 2143 435 2214 licet
453 2141 579 2240 gallica
598 2143 720 2240 lingua
740 2145 938 2240 scripserit,
958 2146 1078 2214 omnis
1095 2157 1217 2214 tamen

145 2261 300 2356 Europae
325 2259 440 2328 critici
467 2259 712 2330 consentiunt.
745 2257 842 2347 Quid
870 2258 1012 2327 multa?
1035 2259 1112 2328 Alia
1142 2257 1218 2327 aliis

146 2372 375 2472 temporibus
405 2375 616 2459 convenire,
646 2399 714 2445 nec
746 2373 920 2470 scriptum
949 2371 1091 2444 decimo
1117 2395 1218 2442 nono

146 2487 278 2560 saeculo
296 2491 596 2561 commentarium
614 2489 765 2560 similem
786 2511 862 2560 esse
879 2489 921 2558 iis
942 2501 1112 2584 oportere
1131 2511 1217 2560 cen·

147 2605 305 2690 suimus,
323 2606 388 2702 qui
406 2604 547 2676 decimo
570 2605 700 2701 quinto
727 2601 989 2675 scribebantur.

195 2721 289 2790 Huic
308 2717 509 2817 pmfationi
531 2718 750 2814 subjecimus
767 2743 899 2790 novam
916 2719 1073 2791 Sallustii
1090 2721 1218 2808 vitam,

150 2857 235 2904 cum
260 2832 415 2932 publicis
439 2833 536 2904 illius
561 2835 626 2904 aevi
651 2835 807 2933 negotiis
828 2835 941 2932 magis
965 2835 1219 2929 conjunctam,

151 2973 261 3046 quam
280 2973 361 3045 quae
381 2949 418 3018 in
439 2950 567 3020 ceteris
587 2947 808 3020 editionibus
829 2947 1010 3046 leguntur.
1031 2953 1076 3019 Et
1094 2950 1132 3018 in
1149 2947 1220 3018 h'oc

151 3087 302 3160 quoque
329 3063 402 3133 dux
427 3060 668 3136 scribentibus
694 3063 832 3160 praeivit
853 3068 917 3132 ¹De
942 3067 1095 3133 Brosses.
1126 3065 1218 3131 Prae·

152 3175 297 3248 fiximus
324 3179 484 3248 Catilinae
516 3192 551 3248 et
582 3177 768 3274 Iugurthae
799 3191 1010 3275 argumenta
1041 3177 1219 3274 capitum,

150 3293 279 3389 ipsius,
304 3307 345 3364 ut
366 3293 581 3392 plurimum,
601 3291 757 3364 Sallustii
775 3292 895 3363 verbis
914 3305 1121 3390 compacta,
1143 3293 1221 3389 qui·

150 3405 220 3478 hus
252 3411 393 3506 integra
425 3409 615 3504 utriusque
651 3409 770 3504 operis
804 3407 964 3504 epitome
996 3408 1216 3477 continetur.

151 3525 324 3593 Praeterea
345 3521 622 3619 chronologicas
645 3518 805 3610 tabulas,
825 3545 890 3592 seu
911 3517 1021 3591 fastos
1042 3519 1128 3591 belli
1151 3523 1220 3590 Ca-

151 3635 295 3706 tilinarii
309 3651 346 3709 et
360 3635 569 3733 Iugurthini
586 3633 809 3722 addidimus,
821 3636 885 3732 qui
900 3633 998 3706 nulla
1010 3637 1048 3705 in
1059 3633 1219 3706 editione

147 3749 257 3822 latina
276 3762 503 3849 comparent.
527 3753 587 3821 Ne
604 3747 694 3846 quid
717 3748 763 3820 ad
785 3747 1011 3820 noscendum
1031 3743 1219 3820 Catilinam

149 3863 304 3954 deesset,
324 3867 405 3962 ejus
426 3863 642 3934 vitamante
662 3862 972 3957 conjurationem,
997 3885 1041 3932 ex
1063 3863 1221 3960 antiquis

149 3982 399 4056 monumentis
435 3977 646 4066 collectam,
680 3994 765 4076 post
799 3978 1046 4050 Catilinarium
1083 3975 1221 4051 bellum
