2938 4654
572 387 869 460 JUGURTHA.
1135 403 1137 407 ‘
1161 409 1233 483 217

174 523 377 611 dimoverat,
394 522 625 594 Gracchorum
644 522 827 593 actionibus
845 521 978 592 obviam
996 517 1100 588 ierat:
1118 533 1151 589 et
1169 522 1237 616 pri·

174 657 231 700 mo
251 631 438 716 Tiberium,
452 629 527 699 dein
546 655 669 725 paucos
691 645 767 726 post
785 653 889 698 annos
910 627 1025 696 eadem
1046 626 1237 722 ingredien-

175 752 242 806 tem
262 739 399 825 Caium,
421 738 594 806 tribunum
612 735 770 824 alterum,
788 734 927 806 alterum
944 736 1155 804 triumvirum
1177 759 1238 803 co·

176 841 270 914 loniis
291 843 508 928 deducendis,
528 869 605 914 cum
626 845 674 912 M.
692 841 810 912 Fulvio
832 829 969 912 Flacco⁴
992 840 1081 910 ferro
1099 864 1237 910 necave-

176 966 259 1020 rant
291 953 336 1020 Et
360 975 438 1020 sane
469 951 648 1040 Gracchis,
674 949 828 1045 cupidine
854 950 1019 1038 victoriae,
1045 947 1136 1017 haud
1163 949 1240 1016 satis

177 1057 366 1126 moderatus
382 1059 513 1127 animus
529 1058 611 1128 fuit:
631 1056 689 1126 sed
710 1057 851 1126 bono
818 1057 908 1124 vrnci
926 1055 1027 1125 satius
1043 1040 1111 1124 est⁵
1115 1078 1239 1169 ,quam

177 1162 264 1234 malo
278 1187 372 1234 more
394 1165 548 1258 injuriam
569 1165 710 1234 vincere.
738 1165 847 1260 igitur
864 1187 903 1231 ea
924 1163 1064 1232 victoria
1085 1153 1240 1230 nobilitas

178 1294 216 1338 ex
244 1268 390 1340 lubidine
419 1295 478 1340 sua
506 1295 582 1359 usa,
612 1270 734 1340 multos
762 1267 918 1339 mortales
950 1267 1059 1399 lcrfiro,
1080 1281 1137 1336 aut
1162 1267 1241 1362 suga

177 1360 349 1446 erstimrit·
340 1376 537 1472 p,lusque
529 1403 563 1446 m
583 1376 747 1474 reliquum
777 1376 838 1446 sibi
866 1359 1023 1465 timoris⁶,
1053 1397 1154 1469 quam
1176 1398 1240 1469 po-

176 1583 463 1658 batprosr'ncias.lgrtur
474 1585 561 1640 illaad
571 1588 687 1642 colonias
731 1600 772 1640 tra
798 1585 988 1640 moderationis
1017 1586 1083 1640 fines
1112 1586 1242 1658 abripuit;

178 1665 238 1718 istas
255 1665 439 1733 deducendas,
453 1668 606 1740 colonisque
618 1666 688 1722 divi-
731 1665 778 1721 sed
799 1668 851 1722 boc
872 1687 928 1721 non
944 1666 1057 1721 absolvit
1076 1684 1169 1719 eorum
1190 1667 1243 1719 ini·

178 1743 279 1799 dandos
294 1766 370 1820 agros
383 1749 593 1801 setriumvirum
604 1749 688 1803 creari
731 1748 823 1801 inicos.
851 1748 920 1800 Nam
948 1748 1146 1819 qualiscumque
1177 1758 1246 1800 esset

177 1839 323 1881 curaverat.
733 1824 945 1883 Gracchorum
938 1827 1049 1898 injuria,
1064 1841 1151 1881 tamen
1171 1827 1244 1879 bono

220 1907 363 1971 dMCumM
373 1909 439 1961 Fun
440 1907 570 1962 ioFlacco
581 1908 690 1963 Fulvius
732 1926 807 1960 more
829 1908 918 1974 vinci,
936 1927 1016 1980 quam
1040 1907 1110 1959 malo
1136 1906 1243 1960 vincere

179 1987 271 2040 constal
281 1988 411 2042 l'ueratA
421 1989 456 2040 U.
468 1987 499 2041 C.
513 1991 585 2058 6²9,
598 1989 690 2042 simul·
732 1988 814 2040 satius
822 2001 875 2046 est
887 1982 960 2050 (Une
970 1988 1061 2055 deserte
1071 2007 1126 2038 sans
1135 1987 1245 2058 repr-orbe

179 2085 230 2138 que
240 2068 438 2140 triumviragris
446 2066 610 2122 dividendis'
602 2069 688 2140 ,.App
734 2071 881 2120 aautmoeua
892 2087 923 2140 qu
927 2068 980 2119 'une
988 2071 1089 2118 victoire
1098 2067 1247 2138 acbetdepur

180 2147 244 2200 Rell.
264 2146 343 2201 Civil.
359 2165 384 2214 r,
404 2150 429 2201 3.
446 2149 506 2200 Jam
522 2160 582 2201 ante
597 2167 689 2220 graves
734 2143 867 2212 leci-ima).
882 2148 952 2218 Ergo
967 2145 1246 2216 nobilitati,quamvis

179 2226 208 2279 in
222 2245 285 2280 eum
299 2228 459 2300 suspiciones
471 2226 621 2282 inciderant
630 2247 692 2300 pro·
733 2227 860 2298 repulisse
869 2227 994 2298 injuriam
1000 2223 1086 2278 rideri
1093 2225 1189 2296 possit,
1198 2226 1247 2278 ho·

178 2319 238 2379 pter
259 2319 373 2360 mortem
393 2308 524 2380 Scipionis
545 2308 689 2361 AEmiliani.
733 2307 834 2360 nestius
849 2307 976 2360 fuissetiu
989 2325 1020 2359 eo
1033 2305 1176 2359 certamine
1186 2305 1246 2358 vin-

180 2386 394 2453 Fulvius,bomo
403 2389 507 2460 inquies
518 2401 545 2441 et
556 2389 692 2441 turbulen·
736 2387 774 2452 ci,
791 2405 871 2459 quam
891 2387 966 2439 malis
990 2382 1091 2438 artibus
1106 2399 1132 2438 et
1147 2385 1246 2438 civium

179 2479 238 2534 tus,
256 2467 430 2521 consiliorum
445 2467 475 2521 C.
492 2469 625 2534 Gracchi,
644 2467 691 2521 sed
736 2465 807 2521 cede
822 2467 935 2521 vincere.
951 2492 962 2514 ι
983 2466 1042 2520 Hoc
1056 2484 1119 2519 vere
1133 2465 1248 2518 liberum

181 2565 235 2601 non
254 2549 385 2601 rirmtum
403 2550 534 2620 particeps
555 2549 635 2601 luisse
650 2550 691 2602 vi·
734 2559 761 2600 et
776 2565 882 2618 equum
896 2545 1026 2619 judicium
1041 2559 1088 2599 est.
1105 2545 1161 2599 Nec
1175 2547 1247 2599 bons

181 2625 267 2681 detur.
276 2629 302 2680 Is
311 2628 388 2699 longe
396 2629 480 2681 abluit
489 2643 518 2682 ut
528 2628 632 2694 eadem,
640 2647 692 2701 qua
734 2639 874 2692 tacet‚ncc
883 2629 951 2680 mala
967 2625 1126 2690 dissimulat,
1134 2644 1184 2679 nec
1194 2626 1248 2680 vic·

181 2705 462 2774 &immoderatione
470 2709 590 2780 ageretin
598 2709 692 2762 ultimo
736 2719 777 2760 tos
798 2706 914 2760 damnat.
929 2707 1066 2780 Appianus
1087 2707 1172 2759 multo
1188 2707 1248 2778 plus

181 2787 227 2841 illo
234 2801 261 2840 et
268 2788 341 2840 fatali
350 2789 478 2842 ambobus
486 2788 692 2843 adsersusuobi·
735 2787 820 2859 culpae
833 2789 936 2841 confert
948 2788 976 2840 in
994 2785 1145 2852 Gracchos,
1156 2799 1183 2839 et
1192 2787 1248 2840 vim

180 2868 219 2921 les
227 2867 378 2921 certamine.
387 2867 438 2921 Sed
449 2868 582 2942 quidquid
592 2869 636 2921 ille
644 2887 691 2922 ne·
736 2868 768 2919 ab
782 2869 813 2920 iis
822 2881 908 2922 ortam
917 2868 1013 2921 innuit.
1027 2865 1078 2921 Sed
1092 2865 1249 2920 Plutarchus

182 2947 694 3020 larieiecerit,multomagisnelarielecit
735 2966 799 3000 oum
821 2947 944 3001 Sallustio
960 2947 1107 3012 consentin
1126 2947 1249 3020 illiusque

182 3029 273 3082 consul
283 3027 407 3100 Opimius
415 3029 631 3101 qni,compressa
638 3031 693 3100 jam
735 3025 878 3081 fidissimus
900 3029 1031 3099 interpres
1050 3027 1160 3098 Amyor,
1175 3041 1249 3099 post·

183 3107 332 3174 seditione,
352 3107 439 3160 Fulvii
461 3107 564 3174 filium,
579 3127 694 3180 puerum
736 3125 816 3179 quarn
828 3109 945 3161 narravit
958 3107 1100 3162 Scaevolam
1116 3108 1250 3161 consulem

184 3186 287 3254 adhuc,
300 3189 414 3260 legatum
429 3201 532 3260 epatre
550 3187 584 3241 de
599 3187 693 3241 condi·
737 3189 816 3240 armis
828 3189 868 3240 uti
877 3201 969 3241 contra
978 3187 1117 3239 Tiberium
1125 3189 1249 3252 noluisse,

183 3269 300 3322 tionibus
319 3268 443 3333 missum,
456 3267 598 3322 crudeliter
610 3269 693 3321 inter·
736 3267 789 3320 hoc
806 3265 840 3319 de
859 3286 907 3320 suo
927 3265 1024 3319 addere
1048 3286 1102 3319 non
1118 3265 1246 3320 dubitat:

184 3349 254 3404 emit.
277 3349 366 3420 Major
389 3347 507 3421 ejusdem
525 3349 596 3402 filius
613 3347 694 3420 paulo
741 3349 795 3399 «Le
806 3346 1038 3408 commandamus,
1049 3365 1099 3416 par
1110 3349 1251 3415 sasagerd

186 3441 323 3482 antaeum
346 3439 422 3500 patre
445 3429 579 3502 jugulatus
600 3429 694 3482 luerat.
732 3445 823 3498 ponsa,
845 3436 897 3478 tous
917 3445 976 3477 eene
992 3429 1034 3498 qui
1053 3425 1212 3476 condemnant
1228 3435 1253 3476 er

183 3507 253 3562 Vell.
267 3527 304 3575 ιι,
321 3511 354 3576 6,
369 3527 395 3578 7.
738 3510 873 3567 caecarent,
893 3524 949 3557 sans
967 3505 1014 3556 due
1034 3508 1201 3556 corsnoissance
1221 3505 1251 3556 de

225 3589 250 3642 5.
263 3587 316 3642 Sed
333 3589 394 3640 horto
408 3593 475 3641 uinci
489 3592 563 3640 satim
582 3599 632 3650 cst,
649 3597 693 3642 etc.
736 3605 822 3649 wius,
840 3605 899 3638 ceux
910 3584 973 3658 qu'il
984 3585 1037 3637 leur
1046 3584 1158 3656 pluitur
1173 3585 1249 3637 Nori·

186 3667 255 3720 Bono
267 3669 323 3723 scil.
334 3687 491 3736 mammon,
500 3681 531 3721 ut
540 3666 649 3740 quidam
657 3687 696 3721 am
738 3685 780 3728 ca,
787 3669 848 3737 juga
856 3677 880 3717 et
888 3671 979 3736 partie,
985 3665 1039 3733 sair
1048 3668 1104 3716 ooir
1114 3684 1159 3735 que
1169 3665 1253 3736 quand

186 3747 335 3814 bitrantur,
348 3750 409 3801 bono
417 3753 489 3811 virm·
501 3767 587 3820 neque
599 3751 623 3800 in
634 3747 696 3800 bono
731 3747 773 3798 vles
784 3747 876 3816 grands
892 3757 1048 3798 commearent
1060 3746 1084 3796 lu
1100 3745 1215 3810 sedition,
1231 3746 1251 3796 tt

186 3832 295 3899 mgotio,
306 3847 366 3900 que)
377 3829 492 3882 insolens
507 3841 574 3882 esset
588 3826 695 3882 dicendi
738 3847 769 3878 nc
780 3839 840 3897 peut
848 3847 870 3900 y
885 3831 952 3879 aruir
966 3846 1010 3899 quc
1024 3826 1054 3877 de
1067 3826 1172 3896 grandes
1183 3825 1251 3877 dc'so·

187 3907 278 3963 forma.
297 3907 348 3962 Hic
365 3907 497 3981 judicium
515 3927 593 3962 suum
611 3909 697 3981 aperit
739 3907 870 3960 latiomau
882 3907 1032 3959 milieud'un
1043 3907 1138 3976 perple.
1157 3931 1168 3951 ι

188 3987 323 4046 Sallustius
335 3987 370 4042 de
382 3989 564 4043 Gracchorum
576 3989 694 4042 interitu.
781 3991 807 4040 6.
818 3987 923 4059 Plusque
934 3991 958 4038 in
967 3986 1082 4058 reltquum
1092 3985 1139 4037 sibi
1151 3989 1250 4038 rimaris.

193 4093 203 4116 ι
214 4069 317 4143 Nempe
325 4068 451 4124 vincendi
459 4068 590 4141 cupiditas
599 4087 645 4122 eos
655 4067 696 4122 ul·
739 4069 803 4134 Quo
819 4068 901 4139 magis
910 4065 980 4120 enim
990 4065 1074 4138 plebis
1085 4064 1177 4120 odium
1187 4067 1215 4120 in
1224 4085 1251 4120 se
