2938 4654
233 317 307 430 sss
479 361 517 428 c.
546 357 728 428 cassin
757 359 1045 428 succussu

229 495 279 562 uti
294 493 374 560 boni
388 489 582 585 honestique
597 490 699 560 vitam
717 492 894 586 exigerent.
915 491 1013 560 Plura
1030 491 1194 579 dicerem,
1208 493 1294 582 Qui·

228 601 327 686 rites,
350 599 376 667 si
398 597 520 668 timidis
541 600 698 668 virtutem
720 597 822 666 verba
843 597 1025 688 adderent;
1047 622 1124 668 nam
1152 601 1294 673 strenuis

229 704 361 774 abunde
379 704 503 774 dictum
525 719 616 800 puto.
637 734 668 793 »Ι

283 813 473 880 LXXXVI.
487 811 722 906 Hujuscemodi
736 813 885 880 oratione
901 811 1030 896 habits,
1046 812 1192 900 Marius,
1206 827 1294 906 post·

226 943 327 1012 quam
350 916 453 1012 plebis
476 920 602 988 animos
625 932 772 987 arrectos
794 917 901 1004 videt,
921 943 1062 1013 propere
1085 933 1292 1007 commeatu,

228 1023 411 1120 stipendio,
437 1027 553 1112 annis,
579 1023 649 1094 aliis
673 1023 807 1093 utilibus
831 1049 932 1094 naves
960 1039 1106 1094 onerat:
1136 1051 1211 1094 cum
1237 1025 1293 1094 his

226 1133 265 1200 A.
286 1131 466 1201 Manlium¹
484 1131 628 1228 legatum
645 1130 810 1226 proficisci
822 1130 925 1224 jubet.
942 1135 1018 1228 Ipse
1032 1134 1157 1202 interea
1172 1131 1292 1202 milites

198 1237 388 1328 ¹scribere,
409 1264 477 1308 non
502 1264 595 1308 more
620 1239 802 1332 majorum,
825 1263 931 1332 neque
957 1263 997 1308 ex
1022 1235 1208 1326 classibus²,
1233 1237 1293 1306 sed

226 1346 276 1414 uti
295 1346 454 1440 cujusque
472 1345 585 1416 lubido
600 1359 688 1432 erat,
703 1345 810 1439 capite
828 1369 943 1414 censos
961 1343 1144 1440 plerosque.
1165 1344 1204 1413 Id
1222 1345 1291 1414 fac·

224 1565 305 1622 petua
315 1565 342 1605 et
353 1572 437 1624 usque
450 1570 588 1608 recurrens
604 1555 736 1606 nobilium
780 1569 860 1624 quam
875 1553 996 1606 classium
1011 1552 1177 1606 divisionem.
1187 1585 1226 1595 -
1239 1553 1291 1607 Ca-

225 1650 351 1700 ceusura,
363 1651 425 1686 vere
436 1634 588 1688 Marianum
600 1634 735 1705 ingenium
776 1637 829 1704 pite
841 1653 929 1686 censos.
940 1633 1068 1686 Homines
1077 1633 1235 1686 tenuissime
1247 1635 1291 1688 vel

126 1779 128 1784 Ι
224 1709 355 1766 redolent.
370 1712 398 1765 Si
414 1713 482 1766 hanc
503 1713 735 1768 orationemcerto
779 1714 879 1767 nullius
890 1713 1162 1786 pecunite,quicupite
1173 1725 1291 1780 tantum,

137 1789 141 1806 ⁸
225 1791 314 1860 aliquo
330 1790 438 1845 dienon
454 1794 735 1861 habuitMarius,sal-
778 1811 832 1846 non
851 1813 881 1846 re
898 1794 1038 1860 familiari,
1066 1793 1239 1856 censebantum
1261 1795 1291 1848 bi

225 1883 279 1923 tem
288 1872 316 1923 in
327 1890 357 1924 ea
366 1873 435 1925 nibil
444 1885 496 1940 est,
505 1871 578 1946 quod
589 1893 644 1927 non
654 1893 736 1947 quam
778 1892 869 1927 omnes
876 1912 885 1941 ,
893 1892 955 1927 cum
964 1875 1115 1945 proletariis,
1125 1874 1225 1927 ultimae
1232 1892 1291 1928 cens

225 1948 314 2022 doque
327 1951 414 2006 dicere
430 1955 555 2024 potuerit.
778 1953 854 2007 turise
881 1965 964 2007 erent.
990 1949 1103 2006 'Causam
1127 1971 1192 2006 vero
1212 1954 1292 2007 affert

265 2032 330 2085 Car.
346 2033 499 2088 LXXXVI.
519 2053 542 2087 1.
556 2035 593 2090 A.
605 2035 734 2088 Manlium.
779 2033 894 2100 Gellius,
907 2052 1038 2098 xv1‚,10‚
1053 2053 1100 2088 cur
1122 2033 1164 2087 isti
1183 2032 1217 2086 ad
1239 2036 1290 2087 mi·

224 2111 294 2164 Ptin.
315 2131 419 2179 xum,
441 2134 474 2179 ι,
492 2115 621 2170 Mutum
647 2127 735 2170 vocat.
777 2113 861 2166 litium
872 2133 926 2166 non
939 2127 1116 2168 vocarentur:
1136 2140 1147 2160 ι
1161 2112 1214 2168 Sed
1223 2133 1292 2185 quo-

224 2191 384 2246 Nostrorum
399 2193 477 2247 codd.
489 2194 535 2250 alii
546 2195 680 2256 Manlium,
690 2195 734 2250 alii
778 2195 850 2247 niam
862 2213 903 2248 res
916 2195 1081 2266 pecuniaque
1093 2193 1230 2247 familiaris
1240 2195 1291 2246 ob·

223 2271 345 2326 Mallium.
361 2274 482 2346 Eligant,
498 2275 596 2347 quibus
606 2275 659 2328 hoc
672 2293 735 2347 ope-
778 2272 842 2327 sidis
855 2273 942 2328 vicem
957 2275 1129 2346 pignorisque
1150 2291 1204 2326 esse
1217 2271 1291 2344 apud

222 2370 259 2406 rm
273 2353 517 2424 pretiumvidetur.
780 2355 972 2426 rempublicam
994 2352 1154 2418 videbatur3
1178 2353 1290 2406 amoris-

266 2453 291 2486 a.
308 2433 392 2505 Neque
405 2455 435 2488 ec
451 2435 573 2488 classidas.
584 2435 735 2505 Descriptas
777 2453 828 2506 que
843 2434 870 2486 in
883 2435 996 2506 patriam
1007 2433 1073 2488 fides
1084 2431 1206 2506 quedam
1217 2433 1247 2486 in
1258 2452 1291 2486 ea

223 2530 239 2564 a
255 2532 316 2584 rege
330 2513 421 2566 Servio
432 2515 521 2568 Tullio
536 2515 628 2568 classes
641 2513 735 2568 diluci-
776 2514 1028 2585 firmamentumque
1042 2525 1115 2579 erst;
1132 2532 1219 2584 neque
1229 2533 1290 2584 pro-

221 2589 257 2644 de
270 2605 375 2644 enarrat
389 2593 447 2646 Liv.
464 2613 490 2659 1,
504 2596 549 2657 43.
570 2596 603 2647 ln
617 2594 664 2646 bas
679 2593 733 2648 dis-
777 2595 867 2656 letarii,
890 2613 977 2666 neque
997 2597 1074 2665 cupite
1094 2593 1289 2656 commilites,

221 2671 409 2724 tribuebantur
426 2674 495 2726 cives
512 2693 544 2726 ex
567 2675 733 2728 facultatibus
776 2674 827 2727 nisi
836 2675 867 2728 in,
874 2675 990 2728 tumultu
1000 2674 1127 2736 maximo,
1137 2674 1290 2726 scribeban-

223 2751 295 2816 suis,
314 2769 360 2803 seu
378 2770 410 2804 ex
430 2754 468 2805 rei
488 2753 622 2807 familiaris
643 2773 732 2808 censu.
777 2766 836 2819 tur,
857 2755 919 2826 quia
939 2752 1039 2808 familia
1061 2753 1226 2825 pecuniaque
1247 2753 1290 2808 his

222 2830 350 2884 Minimus
364 2850 430 2884 sero
439 2851 531 2886 census
541 2852 595 2886 esse
606 2831 732 2887 debebat:
777 2845 823 2886 sut
835 2834 921 2888 tenuis
933 2847 979 2888 aut
993 2833 1066 2887 nulla
1079 2845 1152 2887 esset.
1170 2833 1290 2886 Proleta-

262 2910 731 2986 Primteclsssis‚ssses...1ooooo
776 2914 879 2968 riorum
895 2927 983 2968 tamen
1001 2911 1068 2966 ordo
1086 2911 1225 2967 honestior
1241 2914 1289 2965 ali·

262 2989 390 3043 Secundo
392 3029 605 3047 ............
628 2993 732 3063 75000.
776 3007 875 3064 quanto
889 3007 997 3048 street
1012 2993 1133 3058 nomine,
1149 3012 1231 3064 quam
1245 3011 1290 3047 ca·

261 3069 359 3124 Tertia
372 3109 604 3126 .............
627 3072 731 3128 50000.
775 3074 830 3145 pite
839 3073 1062 3140 censorum,fuit,
1072 3074 1141 3126 Nam
1151 3085 1180 3126 et
1190 3073 1290 3144 asperis

262 3150 370 3216 Quartae
372 3189 601 3206 .............
626 3153 730 3208 abooo.
775 3154 1290 3226 reipublicaetemporibusquumjuven·

262 3229 370 3294 Quinte
372 3271 602 3286 .............
627 3253 732 3288 11000.
777 3234 943 3306 tutisinopia
962 3247 1044 3299 esset,
1061 3234 1088 3286 in
1105 3233 1228 3288 militiam
1245 3245 1289 3285 tu-

222 3309 350 3382 Quinque
364 3311 416 3364 illae
426 3311 518 3366 classes
534 3315 585 3382 193
602 3316 733 3368 centurias
776 3314 945 3368 multuariam
958 3314 1178 3386 legebantur.....;
1192 3326 1219 3366 et
1232 3331 1289 3366 non

222 3389 410 3455 conficiebant,
428 3393 570 3464 exquibus
586 3395 681 3448 milites
694 3395 733 3448 le·
776 3397 862 3464 capitis
871 3397 993 3460 cemt'ttm,
1003 3392 1049 3446 sed
1061 3393 1231 3465 prosperiore
1239 3395 1289 3445 io·

221 3471 357 3541 gebantur.
376 3471 456 3528 «Hoc
468 3474 556 3528 minor
572 3493 680 3541 census,
694 3475 733 3526 in·
776 3473 885 3539 cabulo,
901 3494 914 3526 a
928 3493 1037 3528 munere
1049 3473 1191 3545 officioque
1204 3471 1290 3544 prolis

223 3549 733 3626 quitLivius,reliquemmultitudincm
776 3551 1104 3630 edendse‚sppellatisuut
1105 3592 1183 3607 ......
1194 3551 1290 3624 Capite

222 3629 329 3698 habaiu
339 3631 402 3686 inde
412 3653 463 3687 una
473 3635 592 3688 centuria
603 3636 671 3690 fecta
679 3647 733 3700 est,
776 3651 866 3688 censos
878 3647 965 3688 autem
978 3633 1081 3705 primus
1094 3632 1124 3686 C.
1137 3632 1287 3686 Marius.....

223 3710 349 3766 immunis
361 3713 488 3767 militia·
509 3713 601 3786 Neque
617 3734 680 3768 vero
695 3712 733 3770 tli-
776 3713 872 3768 milites
885 3713 1018 3786 scripsisse
1037 3711 1186 3766 traditur.»
1208 3711 1290 3766 Cete-

222 3790 260 3842 cit
279 3791 416 3846 Sallustius
435 3793 550 3854 Marium
569 3794 597 3847 in
616 3795 733 3866 quinque
776 3812 837 3847 rum
858 3807 935 3866 putat
954 3793 1113 3858 Salmasius,
1131 3805 1159 3846 et
1176 3811 1238 3845 com
1255 3809 1290 3844 eo

222 3869 264 3922 his
279 3872 403 3928 elassibus
416 3873 511 3926 milites
523 3893 577 3928 non
590 3875 733 3946 scripsisse.
778 3874 920 3942 Oisellius,
942 3872 976 3928 sd
992 3875 1063 3926 hunc
1079 3873 1159 3928 Gellii
1179 3873 1289 3932 locum.

222 3947 276 4002 Sed
295 3954 444 4022 promiscue
463 3954 609 4019 scribebat,
627 3974 681 4010 non
703 3975 733 4006 ec
777 3953 883 4008 eosdem
893 3973 966 4026 oque
978 3965 1004 4007 et
1012 3953 1158 4024 proletarios
1172 3965 1199 4006 et
1210 3956 1292 4022 capite

223 4029 349 4094 classibus,
364 4033 382 4084 i.
399 4054 422 4088 e.
435 4053 490 4087 non
506 4033 652 4090 secundum
664 4035 733 4090 anti·
777 4055 857 4088 censos
869 4033 955 4090 dictos
969 4033 1059 4088 luisse.
