2938 4654
174 383 249 470 284
433 384 471 452 C.
501 379 676 451 CRISPI
705 380 982 449 SALLUSTII

171 551 206 595 se
224 528 329 594 virtus
352 526 429 594 satis
451 524 616 593 ostendit:
637 523 697 592 illis
717 522 856 604 artificio
878 547 963 618 opus
985 533 1051 607 est,
1069 521 1117 588 uti
1133 514 1242 612 turpia

171 633 259 701 facta
276 634 426 701 oratione
443 646 566 726 tegant.
586 633 703 725 Neque
718 629 830 698 literas
849 654 971 725 graecas
986 627 1085 697 didici
1100 649 1107 693 :
1123 647 1242 720 parum

172 738 340 834 placebat,
354 765 409 808 cas
429 738 570 826 discere3
582 740 704 834 quippe
723 763 796 832 quae
813 737 855 806 ad
872 739 1029 804 virtutem
1051 730 1243 802 doctoribus

172 845 254 914 nihil
275 845 473 940 profuerunt
486 845 519 913 ¹⁷.
534 849 577 914 At
598 845 653 913 illa
672 844 779 914 multo
801 857 938 939 optuma
959 839 1146 937 reipublicae
1164 838 1244 906 doc·

172 967 226 1022 tus
250 977 343 1022 sum:
366 955 495 1023 hostem
519 953 634 1040 ferire,
653 951 804 1046 praesidia
827 952 967 1045 agitare,
991 947 1072 1016 nihil
1095 960 1244 1015 metuere

174 1061 236 1128 nisi
255 1075 387 1156 turpem
408 1061 547 1146 famam3
561 1060 704 1128 hiemem
723 1073 756 1126 et
777 1071 922 1127 aestatem
942 1060 1036 1150 juxta
1055 1051 1245 1150 pati3humi

174 1169 393 1260 requiescere3
407 1167 524 1236 eodem
539 1181 689 1262 tempore
709 1165 855 1260 inopiam
873 1179 907 1233 et
923 1163 1072 1232 lahorem
1092 1159 1244 1229 tolerare.

174 1275 234 1341 His
246 1299 309 1369 ego
323 1275 496 1369 praeceptis
511 1273 631 1342 milites
645 1273 820 1341 hortabor:
830 1296 938 1366 neque
952 1267 1024 1338 illos
1039 1283 1109 1338 arte
1123 1265 1247 1346 colam,

174 1405 228 1448 me
249 1367 481 1474 opulenter¹⁸3
507 1405 615 1476 neque
643 1378 781 1475 gloriam
804 1380 925 1447 meam'
945 1375 1093 1446 laborem
1114 1372 1246 1442 illorum

176 1485 305 1554 faciam.
324 1491 397 1556 Hoc
411 1502 460 1556 est
475 1486 645 1574 utile,hoc
660 1485 754 1555 civile
767 1486 954 1580 imperium.
971 1485 1125 1576 Namque
1144 1505 1248 1574 quum

176 1606 248 1661 tute
271 1619 331 1687 per
353 1593 525 1662 mollitiem
546 1618 646 1688 agas,
664 1595 845 1662 exercitum
873 1589 1034 1688 supplicio
1057 1612 1194 1684 cogere,
1214 1585 1248 1653 id

178 1801 228 1862 tri,
248 1802 348 1856 habent
369 1823 464 1874 param.
488 1805 609 1856 Fortasse
622 1805 692 1870 facio
736 1805 885 1876 placerent,
900 1823 956 1876 prae
977 1817 1005 1856 se
1023 1803 1142 1855 tulerunt
1158 1797 1249 1869 Virgi-

179 1901 234 1934 non
251 1882 363 1955 intelligi
377 1882 456 1936 debet
469 1889 577 1946 testitum·
589 1883 635 1937 sed
643 1905 692 1956 pe·
736 1887 788 1938 lius
802 1897 829 1938 et
845 1885 958 1950 Cicero,
973 1881 1040 1955 quid
1059 1881 1175 1948 Marius,
1190 1897 1251 1930 ms·

179 1981 231 2012 rum
255 1963 283 2013 a'd
299 1966 369 2030 facio
391 1964 456 2029 erit,
475 1984 561 2033 panem
584 1965 611 2016 td
625 1985 693 2034 ago,·
738 1957 1254 2039 ticusetillittemtushomoi-Nilril

177 2046 307 2112 paremio
322 2064 351 2094 ea
367 2064 392 2095 re
407 2043 504 2106 labore,
522 2063 558 2098 sc.
575 2057 605 2097 ut
624 2064 695 2098 com·
738 2047 902 2107 metuere,m'si
908 2056 997 2114 turpem
997 2044 1100 2110 samam.
1107 2039 1251 2112 Egregium

180 2123 267 2193 posita
281 2124 334 2175 sint
346 2125 426 2177 verba
437 2143 505 2176 mea·
518 2123 581 2177 Haec
596 2137 636 2177 est
647 2126 695 2178 sal·
737 2137 915 2196 preceptum,
933 2124 1000 2175 nulli
1020 2121 1146 2186 similius,
1168 2137 1250 2191 quam

180 2216 234 2254 tem
250 2203 335 2255 Cottii
352 2206 496 2270 sententia,
511 2224 591 2276 quam
605 2206 626 2258 si
639 2225 695 2258 non
737 2206 801 2259 huic
812 2204 932 2257 Juvenal.
944 2221 1013 2266 vin,
1032 2203 1087 2257 83:

180 2283 291 2352 probes,
304 2284 344 2336 fac
357 2283 459 2338 (lictum
474 2304 529 2338 esse
534 2303 623 2356 parum
634 2304 695 2338 con·
737 2292 838 2332 Summum
845 2290 904 2329 erede
913 2291 1058 2328 ιιοῐιιιιιίιιιιιιι
1066 2283 1159 2342 praeferre
1167 2285 1249 2339 pudori.

180 2375 221 2414 tra
243 2363 364 2434 regulas,
388 2377 433 2418 aut
460 2365 563 2418 librarii
591 2366 695 2437 antiqui
783 2371 827 2422 18.
849 2368 934 2441 Neque
954 2367 1009 2420 Illos
1028 2378 1081 2418 arte
1102 2363 1196 2421 colem,
1214 2381 1252 2414 me
1284 2424 1286 2438 ³

181 2461 290 2495 manum
307 2463 414 2498 errasse.
739 2449 869 2520 opulenter.
902 2447 964 2500 Non
986 2447 1045 2498 illos
1067 2458 1159 2506 arcte,
1186 2443 1205 2496 i.
1225 2461 1249 2494 e.

225 2539 268 2592 17.
293 2525 340 2576 Ad
355 2527 468 2576 virtatem
484 2525 620 2577 doctoribus
635 2525 698 2576 nittl
739 2547 831 2600 aspere
849 2541 876 2581 et
895 2526 982 2598 rigide
999 2527 1121 2590 habebo,
1138 2542 1180 2576 me
1200 2523 1253 2574 lar·

178 2603 330 2670 prosuerunt.
351 2603 437 2656 Graeci
460 2623 575 2676 nempe,
598 2605 695 2676 egregii
739 2609 797 2680 gius
809 2621 835 2661 et
844 2607 1033 2678 indulgentius.
1048 2606 1109 2658 Non
1121 2623 1166 2656 eos
1176 2621 1253 2674 egere

182 2681 221 2732 illi
233 2679 358 2735 doctores
371 2684 535 2749 litterarum,
547 2684 695 2737 libertatem
739 2689 839 2760 patiar,
855 2689 911 2760 ipse
931 2688 1055 2740 omnibus
1073 2685 1152 2737 rebus
1170 2683 1254 2736 abun·

182 2761 333 2814 amiserant.
346 2761 419 2814 Nihil
431 2763 512 2834 igitur
523 2762 556 2815 ed
569 2764 697 2817 virtutem
740 2767 815 2822 dens.
827 2799 868 2810 -
883 2767 967 2840 Neque
978 2759 1082 2838 gloriam
1098 2783 1184 2824 meam,
1200 2775 1251 2816 etc.

182 2841 215 2892 iis
227 2841 322 2894 litterae
333 2843 501 2913 profuerunt.
518 2844 638 2895 Virtutem
651 2863 697 2896 ve·
741 2849 797 2902 Nec
820 2847 928 2900 illorum
956 2849 1047 2900 labore
1075 2844 1109 2898 ad
1140 2843 1252 2916 gloriam

183 2939 215 2972 ro
232 2921 350 2992 intellige
365 2921 550 2975 fortitudinem
562 2925 697 2990 bellicam,
741 2947 827 2981 meam
840 2929 940 2981 abutar.
957 2927 1042 2981 Simili
1055 2924 1254 2980 constructione

183 3017 260 3072 quo,
281 2999 370 3071 judice
398 3003 508 3068 Mario,
529 3003 584 3056 sola
613 3005 697 3057 virtue
741 3029 799 3081 sup.
812 3009 896 3062 XIV:
914 3009 1058 3060 «Primum
1072 3025 1170 3077 regnam
1183 3006 1254 3076 ejus,

184 3093 232 3134 est.
257 3080 382 3135 Ceterum
408 3083 493 3136 civilis
521 3085 602 3136 enimi
626 3097 698 3149 erat,
741 3089 846 3142 sceleris
856 3089 898 3141 sui
906 3089 1014 3159 predam
1025 3087 1095 3140 fecit.
1105 3083 1175 3138 vide
1188 3101 1255 3156 pre·

185 3157 255 3231 apud
283 3163 439 3228 Romanos,
459 3163 567 3216 Graecos
591 3165 698 3217 Greco-
742 3182 812 3222 terea
833 3187 860 3222 n.
881 3187 906 3233 1,
929 3167 1047 3238 ejusdem
1068 3166 1168 3239 capitis.
1192 3165 1255 3216 lam

185 3259 300 3313 rumque
336 3255 403 3296 artes
432 3257 611 3297 contemnere.
640 3245 698 3296 Hoc
742 3269 806 3302 vero
821 3247 895 3320 quod
908 3249 952 3300 hic
965 3247 999 3300 de
1015 3268 1042 3301 se
1055 3243 1255 3310 Marius‚idem

186 3321 275 3373 animo
287 3323 384 3375 cecinit
394 3324 469 3395 Virg.
484 3323 589 3378 AEneid.
604 3343 649 3378 vr:
743 3328 777 3381 de
789 3329 908 3399 Agricola
918 3327 984 3381 dicit
993 3328 1078 3381 Tacit.
1092 3343 1163 3378 xm:
1175 3351 1186 3372 ι
1198 3324 1256 3376 Nec

185 3399 579 3454 Excudenulitepinatinmolliuem.
743 3409 865 3480 Agricola
886 3427 1005 3479 unquam
1025 3427 1075 3480 per
1097 3407 1161 3458 alios
1183 3417 1256 3476 gem

185 3465 698 3584 gzffiffiffl31ffiffffffssssfflf¹⁰¹³⁸¹⁸
743 3487 837 3541 uvidus
846 3489 999 3560 intercepit;
1008 3507 1053 3540 seu
1064 3499 1198 3549 centurio,
1208 3499 1256 3536 seu

188 3591 365 3630 nascebamur„
378 3594 665 3644 eesuegeeermamaemu
743 3569 881 3640 praelectus
911 3569 1098 3640 incorruptum
1121 3565 1182 3618 sacti
1202 3576 1255 3616 tee-

188 3653 700 3708 Turegereimperlopopaloe‚Romnue.mememo.
743 3661 798 3701 tem
813 3649 958 3702 habebat.»
979 3681 1016 3691 -
1033 3649 1090 3700 Hoc
1103 3645 1171 3698 civile
1184 3649 1257 3714 impe·

187 3726 289 3779 Eodem
304 3729 393 3780 animo
409 3728 528 3792 Tullius,
544 3729 572 3780 in
586 3729 699 3780 Verrem
744 3733 813 3781 νὶιιιιι.
835 3729 900 3782 Cive
918 3727 1029 3799 dignum
1049 3726 1152 3781 civibus
1174 3725 1258 3795 inape·

188 3805 222 3858 de
244 3805 331 3877 Signis
357 3827 394 3873 ιι,
415 3808 492 3878 lingit
518 3827 545 3860 se
567 3807 700 3860 artificum
743 3822 827 3861 rante.
848 3808 963 3862 sicLiv.
983 3827 1029 3874 vr,
1051 3813 1107 3872 60,
1126 3823 1256 3858 sennonem

188 3904 334 3954 grecorum
355 3887 463 3940 nomina
478 3899 542 3940 tunc
558 3888 645 3940 solum
661 3887 701 3940 di·
744 3891 839 3940 minime
857 3889 947 3940 civilem
968 3886 1034 3941 dicit
1054 3904 1129 3945 eum.
1147 3905 1201 3958 quo
1218 3885 1258 3938 ci·

189 3964 300 4033 dicime,
314 3967 379 4020 dum
399 3969 426 4020 in
448 3969 526 4022 istum
545 3967 698 4038 inquireret.
744 3968 817 4020 vium
838 3970 897 4038 jura
921 3968 1091 4022 lederentur.
1118 3997 1159 4009 --
1184 3967 1258 4019 Tute.

187 4043 278 4109 Quem
297 4049 319 4101 si
341 4061 538 4121 contemptum,
553 4050 655 4121 populo
671 4061 701 4100 ut
744 4049 788 4100 Tu
801 4049 865 4120 ipse.
887 4050 922 4102 Te
938 4049 1011 4104 eninr
1030 4047 1160 4120 particula
1174 4046 1258 4098 encl'h
