2938 4654
183 398 258 471 ¹260
441 400 479 468 C.
508 399 683 468 CRISPI
711 398 989 469 SALLUSTII

181 557 247 628 qua
261 557 302 601 ex
313 555 352 600 eo
366 532 500 626 negotio
516 531 631 622 seditio
649 535 800 600 oriretur.
815 533 932 627 Neque
947 547 1023 628 post
1036 531 1070 601 id
1082 531 1247 606 locorum¹

181 637 355 734 Iugurthae
376 637 463 726 dics,
486 653 545 707 aut
568 663 635 708 nox
656 638 723 707 ulla
744 639 855 733 quieta
881 638 1000 710 fuere:
1023 665 1130 735 neque
1154 639 1247 730 loco,

182 771 289 841 neque
311 743 443 814 mortali
463 747 634 839 cuiquam,
650 759 708 814 aut
725 747 867 842 tempori
886 748 963 816 satis
977 746 1130 816 credere:
1144 748 1248 835 cives,

181 851 293 922 hostes
314 852 409 946 juxta
433 866 609 921 metuere:
632 854 910 948 circumspectare
937 855 1070 942 omnia,
1099 868 1133 922 et
1158 855 1249 924 omni

181 961 322 1054 strepitu
352 983 558 1054 pavescere:
581 955 646 1029 alio
670 974 768 1054 atque
797 959 862 1028 alio
890 959 989 1046 loco,
1016 985 1104 1055 saepe
1133 975 1251 1030 contra

182 1066 283 1136 decus
301 1051 460 1161 regium³,
474 1081 577 1135 noctu
595 1068 801 1161 requiescere
816 1092 822 1134 :
837 1065 1004 1136 interdum
1024 1091 1141 1136 somno
1163 1067 1249 1137 exci-

181 1187 250 1262 tus,
266 1175 405 1267 arreptis
421 1175 521 1242 armis
542 1172 721 1242 mmultum
744 1171 853 1243 facere
868 1199 875 1241 :
891 1175 936 1242 ita
950 1172 1142 1262 formidine,
1156 1175 1251 1269 quasi

180 1279 352 1367 vecordia,
375 1279 533 1375 exagitari
541 1265 563 1346 ⁴.

233 1388 393 1456 LXXIII.
410 1383 519 1482 Igitur
535 1385 708 1475 Metellus,
720 1387 777 1455 uhi
794 1387 835 1456 de
852 1411 931 1457 casu
946 1385 1138 1458 Bomilcaris
1152 1403 1185 1456 et
1201 1389 1251 1455 iu·

179 1493 266 1562 dicio
284 1492 450 1588 patefacto
465 1518 507 1562 ex
520 1491 667 1586 perfugis
684 1495 857 1588 cognovit3
877 1519 1008 1583 rursus,
1024 1509 1193 1589 tamquam
1209 1493 1253 1563 ad

180 1602 348 1694 integrum
362 1597 504 1687 bellum,
519 1613 642 1668 cuncta
659 1615 756 1694 parat
773 1600 979 1696 festinatque.
995 1603 1159 1688 Marium,
1173 1600 1252 1670 sati-

182 1719 316 1800 gantem
331 1704 372 1774 de
384 1704 709 1801 profectione,simul
721 1721 754 1775 et
768 1708 930 1796 invisum,
941 1723 975 1777 et
988 1707 1154 1778 offensum
1163 1707 1257 1798 sibi¹‚'

225 1935 250 1969 a.
272 1915 335 1967 Post
354 1913 383 1966 id
404 1913 517 1966 iocorum.
542 1913 607 1967 Post
628 1913 696 1968 illud
739 1934 927 1988 praegressum,
943 1918 1086 1982 Wiiemaie,
1099 1919 1209 1971 Histoire
1222 1919 1253 1971 de

182 2009 296 2068 tempus.
311 1992 383 2048 vide
398 2013 456 2067 sup.
468 1993 569 2048 LXIII.
742 1995 883 2061 Cromweli,
897 1999 915 2051 l.
931 2017 962 2063 x,
976 2011 1041 2051 extr.
1055 1999 1212 2070 Meuacipor
1223 1999 1254 2052 de

224 2075 251 2129 3.
261 2075 331 2146 Soepe
343 2086 426 2127 contra
438 2073 509 2126 dcem
522 2079 621 2144 regium.
635 2075 697 2128 Nou
740 2078 871 2130 coutiuroels
883 2079 1010 2148 comploro,
1030 2081 1126 2151 effrayl
1140 2079 1170 2130 de
1186 2083 1254 2132 vivre

183 2157 270 2210 solum
294 2154 347 2208 ulio
373 2167 451 2226 atque
479 2154 531 2207 alio
553 2153 626 2220 loco,
651 2153 697 2208 sed
741 2157 1003 2210 cumilieudeslmioes
1011 2159 1256 2231 muombroblesqu'ii

184 2253 253 2308 rupe
267 2235 347 2288 etiam
359 2235 388 2287 in
400 2234 466 2288 loeis
480 2235 553 2306 regia
563 2237 698 2306 majestate
741 2240 808 2290 avait
825 2239 940 2291 souleoees
955 2249 1036 2289 contre
1057 2241 1105 2302 lui,
1124 2243 1257 2309 epouvante'

184 2314 299 2387 indiguis
313 2325 396 2368 noctu
407 2314 556 2386 requiescit.
741 2316 774 2368 du
784 2321 843 2388 pria
855 2321 964 2370 immense
976 2337 1021 2390 que
1036 2317 1089 2370 l'on
1100 2321 1202 2390 porroit
1214 2331 1255 2372 at·

227 2403 253 2460 4.
274 2396 316 2448 Ito
335 2394 468 2462 formidate
490 2399 562 2468 quasi
584 2396 699 2447 vecordiae
742 2397 823 2448 taciter
838 2399 854 2448 ὰ
869 2417 897 2449 sa
916 2409 990 2461 mort,
1004 2397 1132 2451 redactam
1146 2399 1171 2450 le
1189 2404 1254 2452 mun

185 2479 314 2546 exagitari.
333 2475 466 2528 Ultimum
482 2474 535 2527 hoc
550 2492 698 2546 expressam
741 2476 803 2528 d'uu
817 2483 877 2540 ami,
892 2477 915 2529 le
927 2479 1008 2548 gleire
1019 2479 1081 2531 d'un
1093 2483 1212 2531 moscin
1225 2479 1256 2532 de

186 2552 402 2618 antecedentibus
435 2553 577 2625 imaginem
613 2555 700 2608 tribue
744 2555 885 2609 Cirorlesou
902 2557 964 2611 d'uu
973 2559 1116 2633 ferratique,
1133 2560 1257 2630 ilportoit

186 2634 275 2690 verbio
296 2634 408 2688 resumit
433 2645 460 2685 et
486 2633 699 2705 comprehendit.
741 2655 796 2688 sous
811 2657 847 2688 ses
865 2646 993 2691 vetemena
1015 2658 1059 2691 une
1080 2643 1196 2702 emmae,
1214 2639 1256 2692 des

188 2715 313 2770 Conferri
321 2724 418 2786 potest,
424 2712 502 2765 Catil.
512 2714 564 2766 XV
573 2731 580 2765 :
590 2713 701 2786 Namque
739 2717 858 2786 pumices,
867 2717 909 2769 des
914 2719 1062 2789 perpura„-
1073 2719 1255 2792 n'tabuaupas

189 2797 281 2847 culmus
296 2797 414 2865 impurus,
431 2804 458 2844 et
471 2793 581 2864 reliqua.
598 2794 651 2859 Qui
663 2795 702 2848 lo·
743 2795 806 2848 deux
813 2798 883 2866 jours
894 2799 923 2850 de
935 2802 996 2851 suite
1011 2799 1036 2850 la
1047 2808 1118 2852 mente
1129 2799 1253 2865 chambre,

189 2893 252 2941 cue,
270 2886 301 2926 ut
321 2874 382 2940 hic,
403 2871 493 2925 omnia
514 2873 702 2945 complectenti
744 2879 867 2946 cmignoit
878 2897 915 2930 ses
928 2898 1028 2950 propius
1044 2879 1144 2950 gairda,
1164 2877 1255 2934 s'atais

188 2954 318 3009 sententia
336 2950 506 3006 concluditur
522 2970 528 3005 :
546 2953 651 3007 Prorsus
676 2960 702 3007 in
744 2961 805 3008 mair
814 2957 844 3008 de
857 2957 882 3010 la
896 2959 1010 3022 soiimde,
1024 2963 1112 3011 sortoit
1123 2971 1254 3023 mamert,

184 3037 251 3103 soer'e
266 3035 382 3106 cultuque
392 3032 507 3085 uecordia
523 3035 609 3086 iuerat.
623 3035 701 3088 Cete·
741 3055 791 3107 par
801 3038 831 3089 de
843 3037 953 3110 bracques
962 3043 1121 3111 qoporitrom,
1132 3059 1165 3092 au
1176 3041 1258 3094 milieu

190 3132 252 3169 rum
263 3113 318 3167 illic
327 3113 465 3167 homiuem
477 3115 637 3178 conscientia
647 3133 702 3168 sce·
745 3115 819 3169 d'wae
833 3131 924 3172 escorte
934 3120 1083 3182 nominare,-
1093 3121 1221 3190 cimgeoit
1233 3133 1258 3172 et

190 3196 417 3248 lemmamentem
425 3192 702 3266 depingebat3hicty-
745 3197 828 3249 meluit
841 3217 870 3249 sa
886 3211 965 3263 route,
981 3211 1019 3262 et,
1036 3201 1097 3253 daus
1111 3201 1136 3252 la
1152 3203 1257 3274 pre'cr'pi-

191 3293 291 3329 raunue
305 3275 439 3348 pingitur,
454 3293 481 3327 ae
494 3275 562 3346 juria
576 3275 702 3342 humani,
745 3281 823 3330 ration
833 3277 864 3330 do
874 3297 910 3332 ser
924 3299 1043 3352 nomes,
1055 3284 1150 3352 portait
1159 3281 1258 3353 quelque

191 3353 264 3428 quod
279 3355 360 3409 toties
377 3355 550 3426 contempsit,
569 3369 704 3428 expertem
746 3357 814 3410 close
828 3358 961 3432 d’r'uquiet,
980 3361 1147 3431 d'irregulier,
1164 3360 1258 3412 d'r'uot·

191 3455 248 3490 esee
260 3435 395 3502 conscius,
411 3436 553 3508 omniaque
567 3447 704 3501 metuens,
747 3438 831 3501 tem,
847 3458 934 3492 comme
945 3441 990 3492 s'il
1002 3445 1069 3495 avait
1080 3443 1186 3512 toujonrs
1198 3441 1258 3492 euri

191 3517 255 3589 quia
273 3516 363 3569 omnia
378 3533 455 3568 ausus
474 3528 522 3569 est.
534 3515 633 3569 Confer
644 3534 703 3588 quo
746 3517 896 3570 decoremur
910 3539 943 3572 uu
955 3522 1017 3592 plau
1030 3521 1061 3573 de
1081 3523 1256 3592 conspirativa,

191 3594 705 3668 elePigmalione,velpotiusdeCrom·
746 3617 778 3650 ou
793 3599 980 3652 ride'touruerle
997 3600 1051 3652 bros
1069 3601 1130 3652 d'un
1146 3603 1258 3654 mossur.

191 3677 292 3742 wellio,
316 3677 366 3731 sub
387 3675 557 3747 Pigmalionis
579 3677 702 3742 nomine,
785 3678 851 3733 Car.
861 3680 987 3734 LXXIII.
1002 3699 1026 3734 r.
1036 3681 1117 3734 Simul
1124 3693 1148 3732 et
1159 3685 1259 3735 markam

191 3753 257 3810 dicit
270 3757 312 3809 vir
326 3756 429 3826 ahtiqrri
445 3755 545 3825 ingenii
564 3754 635 3826 apud
654 3775 703 3810 noe
746 3769 771 3810 et
789 3762 906 3828 offensum
931 3761 985 3815 sibi.
1006 3761 1115 3832 Quippe
1135 3759 1260 3814 Metellm

191 3837 350 3908 exemplum,
355 3835 469 3897 qudlou,
476 3835 624 3907 Telemoqae,
632 3835 651 3888 l.
657 3853 701 3890 111.
747 3835 840 3894 oderat
847 3841 976 3907 Marium,
988 3853 1015 3894 et
1024 3841 1126 3894 Marius
1137 3843 1258 3909 afferatus,

191 3915 268 3970 Adde
283 3935 362 3989 quem
377 3933 464 3988 neque
474 3915 520 3968 hic
531 3927 637 3982 noster,
654 3935 702 3970 ne·
746 3916 829 3973 idest
849 3924 923 3973 uatus
944 3933 1000 3975 erat
1018 3921 1143 3988 Metello,
1162 3921 1199 3974 ob
1214 3937 1259 3973 eu·

189 4015 241 4067 que
250 3996 353 4050 Sallust.
362 4007 423 4067 post
435 4015 462 4049 se
475 3993 578 4049 laudari
596 4013 703 4050 succen-
745 4000 840 4070 perbaa
852 4019 944 4069 voces,
959 4021 1016 4074 cap.
1032 4001 1137 4064 LXIV,
1156 4017 1261 4053 memo·

188 4075 299 4146 selum,
314 4079 440 4150 juvenem
455 4093 537 4132 aanor
550 4076 703 4149 eloquentia
745 4092 822 4136 ratae.
846 4081 922 4137 Hauc
943 4083 1019 4139 verbi
1037 4083 1143 4150 afflatus
1158 4078 1264 4153 signifi-
