2938 4654
544 385 837 456 JUGURTHA.
1137 385 1211 463 253

148 535 218 590 nrm
238 544 475 609 romanorum,
495 533 674 614 utrumque
696 533 876 615 negaverat
894 545 902 588 ε
920 519 1104 610 honorem,
1122 525 1212 618 quod

149 653 264 698 eorum
285 629 385 698 modo
407 628 511 716 foret,
529 651 612 721 quos
628 626 769 723 populus
785 651 941 696 romanus
955 653 1048 723 reges
1063 630 1211 724 appella-

149 737 264 824 visset;
286 736 495 832 praesidium,
516 733 606 827 quod
626 733 903 834 contumeliosum
926 736 959 801 in
982 761 1038 804 eos
1060 735 1162 822 foret,
1185 741 1212 807 si

147 844 273 936 equites
295 844 424 913 romani
446 840 600 910 satellites
619 840 773 910 Numidae
789 841 1007 912 traderentur.
1024 846 1122 913 Hunc
1137 846 1210 912 Ma·

148 949 215 1016 rius
233 952 368 1018 anxium
391 947 596 1044 aggreditur,
617 961 715 1040 atque
733 947 906 1035 hortatur,
924 950 971 1016 uti
992 950 1210 1019 contumelia-

146 1077 219 1123 rum
236 1057 445 1151 imperatoris
467 1079 543 1123 curn
566 1077 626 1122 suo
645 1051 768 1122 auxilio
784 1078 897 1148 poenas
916 1069 1015 1149 petat.
1032 1057 1210 1128 Hominem

147 1159 190 1227 ob
216 1163 352 1232 morbos
377 1165 489 1230 animo
513 1183 631 1255 parum
653 1159 762 1228 valido
790 1159 934 1230 secunda
958 1147 1126 1230 oratione³
1149 1189 1209 1233 cx-

146 1265 254 1335 tollit:
274 1267 367 1337 illum
387 1291 514 1362 regem,
529 1268 697 1361 ingentem
714 1268 843 1350 virum,
860 1269 1040 1337 Masinissae
1053 1283 1208 1363 nepotem
1290 1283 1292 1292 '

145 1396 229 1458 esse;
246 1376 273 1442 si
294 1375 459 1470 iugurtha
475 1388 608 1467 captus,
622 1387 679 1441 aut
692 1374 837 1460 occisus,
852 1375 1026 1468 imperium
1044 1377 1209 1446 Numidiae

144 1479 211 1548 sine
235 1503 328 1550 mora
348 1481 556 1564 liabiturum3
571 1479 605 1547 id
627 1479 710 1548 adeo
734 1493 863 1547 mature
888 1505 983 1574 posse
1005 1482 1158 1570 evenire,
1182 1486 1210 1552 si

143 1585 212 1679 ipse
230 1586 346 1656 consul
369 1588 411 1656 ad
436 1587 469 1654 id
490 1583 613 1654 bellum
635 1587 753 1655 missus
777 1585 871 1654 foret.
896 1589 1013 1680 ltaque
1034 1602 1067 1656 et
1095 1587 1208 1679 illum,

144 1706 176 1759 et
196 1695 323 1787 equites
347 1717 526 1779 romanos,
542 1691 661 1762 milites
687 1707 720 1761 et
745 1695 967 1786 negotiatores
975 1681 999 1781 ⁴,
1018 1692 1097 1764 alios
1120 1697 1208 1790 ipse,

143 1796 317 1895 plerosque
334 1825 407 1896 spes
428 1802 520 1896 pacis
538 1798 696 1894 impellit,
711 1801 759 1867 uti
776 1801 918 1868 Romam
936 1800 978 1868 ad
998 1825 1075 1870 suos
1090 1825 1208 1872 neces·

143 1908 245 1975 sarios
272 1931 386 2002 aspere
419 1909 452 1974 in
485 1905 656 1974 Metellum
682 1905 724 1974 de
754 1905 841 1974 bello
866 1907 1033 1990 scribant,
1063 1909 1207 1978 Marium
1241 1899 1243 1904 ¹

142 2012 376 2106 imperatorem
400 2027 547 2108 poscant.
567 2015 620 2081 Sic
639 2010 719 2080 illia
740 2011 851 2080 multis
870 2012 1065 2082 mortalibus
1088 2015 1206 2085 hones·

142 2120 278 2188 tissuma
290 2105 543 2215 suffragatione⁵
556 2117 746 2187 consulatus
759 2119 948 2212 petebatur:
960 2118 1056 2186 simul
1072 2145 1109 2188 ea
1124 2135 1206 2190 tem·

141 2240 267 2317 pestate
283 2225 411 2320 plebes,
426 2225 597 2295 nobilitate
609 2225 681 2293 fusa
693 2249 753 2320 per
766 2223 872 2318 legem
890 2223 1088 2310 Mamiliam,
1100 2251 1206 2298 novos

140 2331 326 2402 extollebat.
350 2337 402 2402 Ita
424 2335 533 2401 Mario
552 2346 672 2401 cuncta
693 2330 882 2425 procedere.

195 2441 318 2508 LXVI.
332 2441 469 2508 Interim
484 2443 502 2508 J
505 2439 663 2534 ugurtha,
673 2453 864 2532 postquam,
876 2438 997 2506 omissa
1009 2437 1204 2524 deditione¹,

141 2542 263 2613 bellum
285 2547 418 2640 incipit,
430 2571 506 2614 oum
522 2569 643 2640 magna
659 2569 739 2613 cura
754 2569 873 2638 parare
891 2545 1021 2632 omnia,
1036 2544 1205 2635 festinare,

141 2675 260 2745 cogere
282 2653 487 2722 exercitum:
509 2654 677 2741 civitates,
701 2675 774 2746 quae
792 2650 834 2718 ab
856 2675 890 2720 se
908 2649 1117 2742 defecerant,
1138 2653 1205 2722 for·

140 2871 649 2945 sellam,moreregnm,poneret.8uet.
692 2871 1206 2946 equitesromanosreier.llominesequee·

140 2950 203 3004 Ner.
223 2970 299 3005 xrrr:
325 2979 337 3000 ι
356 2952 517 3006 Perductum
539 2952 602 3006 inde
621 2955 649 3005 in
693 2953 741 3004 tris
757 2951 873 3017 ordinis,
888 2953 972 3024 etqui
991 2953 1099 3019 milites,
1115 2957 1204 3027 etqui

139 3029 272 3084 theatrum
280 3028 572 3103 (regem'l'iridatem)...
576 3037 649 3104 jueta
692 3033 868 3103 negotiatores
877 3045 960 3085 mant.
972 3033 1058 3086 Nemo
1066 3035 1204 3090 euimnes·

138 3113 253 3165 selatere
261 3111 356 3164 dextro
364 3113 649 3166 collocavit.·--Cus·
693 3112 729 3164 cit
748 3114 849 3184 equites
868 3131 992 3165 romanos
1010 3113 1039 3166 in
1060 3114 1205 3184 provinciis

139 3191 212 3243 todia
222 3211 317 3244 caussa.
333 3192 437 3246 Scilicet
447 3211 481 3245 ne
492 3211 507 3244 a
518 3194 650 3264 iugurtha
692 3192 822 3263 negotiari
833 3193 924 3244 solitos
933 3192 1135 3246 luisse-Alias
1141 3200 1203 3265 inse,

137 3288 186 3342 per
200 3273 256 3324 vim
268 3285 314 3326 aut
326 3271 434 3326 insidias
444 3273 648 3344 opprimeretur.
692 3273 805 3342 etc.1pse
814 3272 914 3324 Marius
927 3272 1080 3335 nonnullos,
1088 3271 1135 3326 sed
1145 3293 1204 3346 spes

135 3381 176 3394 --
192 3353 307 3403 Tannum
318 3359 420 3422 equitum
432 3371 590 3406 mmcnorum.
600 3353 650 3404 Vi·
692 3351 764 3422 pacis
774 3353 914 3421 plerosque
924 3351 1051 3422 impellit,
1062 3364 1111 3403 etc.

136 3427 232 3484 delicet
247 3451 303 3484 non
321 3431 364 3485 bic
387 3433 507 3484 homines
522 3432 650 3504 equestris
735 3429 1204 3499 5.Safsmgartoaenommendatione,

136 3509 254 3577 ordinis,
267 3509 314 3564 sed
327 3513 422 3565 milites
432 3513 461 3564 in
475 3513 593 3583 equitatu
603 3513 651 3564 mi·
693 3508 800 3572 studiis,
814 3507 1005 3561 benevolentia.
1018 3539 1059 3552 —-
1070 3509 1205 3564 Nobilitate

135 3587 240 3644 litames
254 3591 418 3661 intelligendi
433 3605 553 3645 sunt.—
564 3593 650 3644 Hom·
687 3591 755 3656 susa.
772 3587 871 3640 Eadem
886 3587 969 3659 figura
981 3591 1034 3659 jana
1050 3587 1133 3656 dixit,
1147 3603 1206 3661 post

137 3687 192 3723 rear.
209 3671 290 3724 Juxta
306 3669 436 3742 ponendae
450 3673 526 3725 selle.
692 3689 787 3722 sacrum
797 3670 894 3738 sugam.
912 3667 976 3721 Vid.
988 3687 1046 3740 sup.
1060 3669 1123 3734 XL,
1136 3689 1163 3723 n.
1176 3679 1203 3736 4.

177 3751 650 3804 &Seemdaomrtonessratomrihus
733 3749 798 3802 Cae.
812 3748 910 3802 LXVI.
932 3767 956 3802 r.
969 3749 1065 3802 Omissa
1074 3749 1203 3813 deditione.

135 3831 191 3900 ejus
207 3845 234 3883 et
250 3829 284 3884 ad
298 3849 372 3902 spem
386 3829 532 3902 aagendam
547 3850 649 3885 accom-
693 3829 744 3882 Hie
761 3841 821 3900 post
843 3826 1031 3899 digressionem
1049 3847 1090 3881 res
1108 3831 1125 3882 J
1127 3850 1207 3902 ugur-

134 3909 243 3964 nodato
265 3929 396 3964 sermone.
411 3941 452 3954 -
473 3913 586 3964 Emitte.
608 3907 651 3962 Ad
693 3911 781 3962 thinis
804 3909 919 3980 repetit,
942 3910 989 3962 ubi
1011 3909 1154 3980 reliquerat
1174 3912 1204 3966 in

136 4006 228 4061 magna
241 3989 411 4044 sentiendum
426 3991 511 4062 erigit.
693 3989 747 4042 line
764 4008 822 4060 cap.
843 3989 928 4042 LXII.
945 3988 1093 4060 -,Beliam
1112 3995 1203 4063 incipit.

177 4077 205 4134 4.
221 4071 316 4125 Milites
329 4083 354 4124 et
363 4074 530 4141 negotistores.
541 4071 604 4124 Huc
617 4067 652 4123 ad
695 4069 829 4142 Intellige,
842 4087 923 4122 rursus
932 4072 1025 4140 incinit,
1037 4082 1142 4126 umiae.
