2922 4642
142 493 148 502 Ι
538 403 826 472 PRAEFATIO.
1177 427 1214 474 xr

133 544 224 616 alibi
245 540 469 616 lectionibus
498 541 726 616 defraudaris
754 545 791 614 Si
819 540 908 642 quid
933 565 1027 642 opus
1050 545 1217 642 pergenti

134 662 270 733 melius
284 661 401 730 visum
417 673 493 749 est,
511 685 621 757 quam
636 660 739 758 quod
753 662 853 760 prius
866 681 1073 758 receperam
1086 660 1217 760 (quum

139 777 237 874 typis
263 773 435 847 mandata
458 776 590 874 corrigi
615 799 692 848 non
715 773 909 874 possent),
931 773 1218 848 invenientibus
1295 829 1298 836 Δ

141 891 293 977 monui3
311 915 341 960 v.
363 915 396 987 g.
416 915 452 988 p.
476 887 564 979 528,
583 889 629 962 ad
645 890 754 982 illud,
775 893 1026 961 circumveniri
1047 895 1218 960 innoeen-

143 1021 225 1092 tes,·
244 1019 282 1076 et
306 1001 394 1102 529,
412 1004 528 1076 velini
543 1006 653 1098 effice
662 1020 830 1104 parente.
851 1004 921 1076 Sed
939 1027 1018 1075 rara
1037 1005 1219 1100 ejusmodi
1324 993 1328 1000 ⁸

146 1121 335 1220 exempla,
351 1135 388 1193 et
407 1120 544 1193 leviora
564 1145 675 1220 quam
695 1119 769 1192 hec
790 1121 875 1192 duo.
895 1121 977 1192 Dixi
993 1119 1037 1191 ad
1058 1119 1219 1190 Catilinae

145 1236 485 1335 interpretationem
515 1235 700 1308 accedenti
727 1234 895 1307 nondum
925 1235 1009 1306 satis
1038 1235 1219 1330 patuisse,
1292 1245 1294 1254 '

147 1351 213 1446 qui
243 1373 373 1422 cursus
397 1349 488 1420 mibi
510 1349 738 1450 peragendus
764 1363 867 1422 essct.
894 1347 1006 1439 Quod
1029 1348 1081 1418 illi
1103 1369 1220 1446 operte

146 1489 235 1536 mee
253 1466 358 1536 initio
377 1463 495 1556 deest,
516 1465 749 1538 in-addendis
770 1464 999 1562 aliquatenus
1017 1463 1194 1562 supplevi.

194 1583 323 1676 Neque
345 1603 432 1650 vero
457 1579 582 1652 abesse
607 1581 731 1668 volui,
754 1579 856 1678 quod
877 1580 915 1648 in
938 1579 1078 1677 magnis
1104 1575 1221 1675 Crispi

147 1692 372 1765 editionibus
386 1693 526 1793 legitur,
541 1695 627 1768 Julii
642 1695 912 1796 Exsuperantii,
923 1695 1022 1794 parvi
1037 1694 1121 1766 licet
1134 1717 1223 1792 pon—

147 1807 264 1896 deris,
283 1809 512 1906 opusculum.
531 1815 578 1882 Et
596 1810 686 1882 illud
705 1837 750 1883 eo
772 1813 893 1908 recepi
915 1810 1107 1896 libentius,
1119 1807 1222 1906 quod

147 1925 188 1993 in
212 1923 382 1996 mnibus
406 1940 483 1996 erat
511 1927 631 2022 Regiae
658 1925 887 1998 bibliothece
914 1925 1029 1998 codex
1054 1926 1222 1996 nondum

149 2037 378 2136 exploratus,
401 2039 448 2110 ad
480 2040 585 2136 cujus
614 2038 725 2112 fidem
751 2040 926 2112 lectiones
953 2039 1051 2138 apud
1082 2053 1223 2110 ceteros

150 2151 341 2226 manifesto
365 2170 554 2254 corruptas
572 2155 773 2228 emendavi.

202 2274 281 2339 Jam
308 2270 408 2367 quod
433 2270 480 2341 ad
502 2273 687 2369 scripturae
711 2273 891 2342 rationem
911 2281 1070 2368 spectat,
1092 2290 1224 2365 magna

149 2409 197 2456 ex
219 2398 320 2482 parte
345 2400 522 2483 sequutus
544 2409 626 2458 sum
656 2387 758 2485 quod
781 2387 819 2456 in
839 2373 1012 2456 ¹Sallustio
1034 2381 1080 2454 ab
1102 2383 1223 2453 omni-

148 2499 222 2570 bus
241 2498 425 2572 observari
443 2500 544 2574 solet.
561 2507 688 2600 Itaque
704 2503 829 2600 scripsi
844 2521 1057 2586 maxumus,
1070 2497 1221 2597 paullo,
1304 2529 1307 2534 ¹

150 2628 299 2700 caussa,
326 2613 450 2702 litera,
473 2615 599 2703 exsul,
624 2615 774 2712 volgus,
798 2615 1011 2700 advorsum
1034 2615 1120 2685 item
1143 2620 1224 2711 quit

150 2727 272 2816 etdz's,
287 2729 365 2800 sine
375 2744 544 2802 accentus
556 2744 661 2817 nota,
681 2755 748 2828 pro
758 2736 859 2828 queis
869 2743 905 2801 et
916 2729 995 2800 diis.
1008 2728 1100 2800 Dedi
1114 2729 1221 2799 etiarn

150 2848 270 2914 omnis
291 2869 360 2942 pro
379 2869 503 2916 omnes
510 2899 522 2934 ,
547 2847 743 2943 Bipontino
766 2845 879 2932 duce,
905 2869 1021 2943 quum
1047 2845 1149 2916 locus
1173 2845 1222 2914 sic

151 2957 350 3030 exhibetur
367 2959 413 3031 ab
431 2960 553 3058 aliquo
573 2975 694 3032 vetere
712 2961 956 3058 grammatico.
974 2959 1042 3032 Sed
1058 2985 1134 3030 non
1151 2959 1223 3030 ani-

150 3097 236 3145 mus
261 3073 364 3160 tulit,
388 3099 516 3165 omnes
545 3078 766 3148 accusativos
794 3077 832 3145 in
859 3081 889 3146 is
916 3073 1104 3174 refingere.
1131 3079 1222 3146 Nam

151 3189 191 3258 in
209 3213 253 3260 ea
266 3213 325 3277 re,
341 3213 442 3286 quae,
459 3204 550 3262 teste
568 3185 704 3279 Gellio,
719 3187 816 3288 apud
833 3191 1004 3287 antiquos
1023 3213 1099 3259 non
1118 3189 1225 3260 certis
1309 3283 1312 3291 ἱ

152 3304 304 3402 regulis,
329 3304 393 3376 sed
417 3303 465 3376 ad
500 3307 641 3378 aunum
670 3304 850 3400 judicium
878 3302 1122 3402 dirigebatur,
1147 3329 1225 3402 quo

149 3419 234 3514 jure
251 3443 320 3491 nos
339 3418 803 3518 aliquidpronunciemusl
818 3424 902 3492 Non
917 3420 1042 3516 scripsi
1060 3417 1224 3513 conlegit,

152 3533 348 3620 conlocat,
366 3533 590 3620 utlecebrase
609 3557 690 3631 quoe
714 3532 839 3606 sonae
862 3531 953 3630 quid
977 3531 1140 3604 utilitatis
1161 3531 1224 3601 ba·

150 3647 265 3720 beant
283 3663 358 3720 non
379 3647 505 3738 video,
523 3651 592 3722 nisi
609 3649 711 3745 quod
730 3670 833 3720 aures
851 3645 1055 3721 offendunt
1075 3652 1118 3718 Et
1137 3645 1225 3744 quid

151 3763 380 3854 detrimenti,
405 3777 549 3862 quaeso,
572 3766 708 3863 patitur
732 3763 936 3854 Sallustius,
963 3763 1092 3834 sinon
1115 3757 1227 3832 obso-

149 3877 245 3960 leta,
267 3877 434 3966 horrida,
459 3895 602 3978 aspera,
621 3898 732 3976 quam
759 3879 947 3976 antiquam
968 3889 1118 3964 vocant,
1140 3876 1227 3948 scri-

150 4007 260 4091 ptura
282 4008 451 4068 exaratus
473 3993 705 4091 prodeatlln
726 3992 964 4092 quibusdam,
981 3991 1152 4090 analogia
1170 3989 1231 4063 ra-¹
