2922 4642
606 775 639 842 S.
666 775 701 841 P.
730 775 773 842 D.

394 988 446 1089 J.
493 985 554 1088 L.
598 982 984 1090 BURNOUF.

488 1211 882 1245 ...ἤι’-...-

163 1325 268 1449 Non
280 1389 317 1448 te
330 1375 443 1473 longa
460 1371 668 1470 praefatione
681 1375 816 1444 morari
830 1373 1021 1443 consilium
1036 1373 1230 1464 est,lector

162 1492 308 1589 optime.
324 1495 408 1563 Imo
423 1488 515 1560 nihil
534 1513 648 1561 essem
662 1485 850 1587 praefatus,
866 1489 935 1560 nisi
949 1502 1003 1578 te,
1022 1513 1102 1586 quae
1121 1485 1230 1560 fuerit

160 1607 339 1706 propositi
351 1606 424 1677 mei
441 1606 552 1694 ratio,
569 1603 795 1676 admonitum
813 1603 1018 1676 voluissem.
1032 1605 1159 1695 Quum
1177 1606 1232 1674 vir

162 1721 251 1792 mihi
269 1723 504 1793 amicissimus
527 1733 563 1791 et
585 1721 624 1790 in
639 1733 809 1818 suscepto
826 1745 937 1819 opere
953 1718 1231 1820 indefatigabilis

161 1835 322 1908 Classicae
341 1835 452 1932 hujus
469 1833 703 1907 Collectionis
721 1833 839 1907 editor
859 1856 879 1907 a
896 1859 954 1908 me
971 1837 1116 1935 petivit,
1134 1852 1174 1908 ut
1193 1837 1231 1906 in

22 1981 47 2032 ῃ
162 1951 329 2022 Sallustio
344 1973 467 2022 meam
484 1949 790 2048 qualemcumque
813 1972 960 2049 operam
984 1949 1052 2022 sibi
1073 1973 1231 2022 commo·

162 2065 312 2153 darm,
336 2064 376 2136 id
400 2079 545 2137 tantum
573 2063 804 2164 postulabat,
832 2080 874 2137 ut
901 2065 1049 2138 selectas
1078 2067 1231 2137 aliorum

162 2181 417 2253 adnotationes
438 2183 545 2252 novis
566 2179 755 2279 aliquibus
778 2195 814 2252 et
843 2184 999 2253 maxime
1022 2183 1233 2254 necessariis

162 2291 401 2396 supplerem,
438 2297 542 2367 aliam
580 2295 852 2394 quodammodo
885 2309 921 2367 et
955 2295 1231 2395 locupletiorem

164 2414 360 2482 Vartbram
395 2409 592 2484 editionem
627 2411 878 2483 adornaturus.
908 2415 953 2482 Et
983 2411 1051 2482 hac
1083 2409 1233 2510 quidem

164 2541 288 2599 mente
305 2526 350 2598 ad
366 2525 621 2599 illustrandum
635 2519 827 2599 Catilinam
840 2527 980 2599 accessi.
1000 2525 1071 2598 Sed
1084 2551 1235 2627 progre-

165 2645 279 2716 dienti
297 2664 388 2715 mox
412 2641 568 2742 amplior
591 2645 709 2742 patuit
732 2659 892 2743 campus:
916 2647 992 2715 Nec
1011 2641 1075 2715 diu
1095 2669 1152 2716 me
1175 2643 1234 2716 fu-

166 2761 234 2858 git,
253 2785 296 2832 ex
313 2773 368 2832 tot
384 2759 644 2859 interpretibus
665 2757 838 2850 Sallustii,
859 2761 1023 2858 quamvis
1042 2761 1235 2857 unusquis·

167 2901 239 2973 que
260 2877 409 2974 propria
432 2873 540 2947 laude
566 2899 642 2946 non
668 2889 807 2964 careat,
832 2875 975 2946 nullum
1006 2889 1128 2946 tamen
1159 2897 1235 2946 esse

168 2991 231 3088 qni
263 2991 483 3087 promissum
510 2987 717 3087 legentibus
745 2989 919 3060 auxilium
943 3011 1027 3060 vere
1059 2985 1236 3060 submini-

168 3117 283 3190 stret3
303 3101 472 3174 collectas
490 3118 613 3174 autem
637 3127 681 3174 ex
704 3105 880 3175 universis
899 3117 1005 3174 notas
1026 3104 1161 3174 molem
1179 3103 1236 3174 ad·

169 3217 307 3291 (liturae
323 3219 446 3318 operi,
468 3242 543 3290 non
564 3217 682 3290 lucem
702 3217 877 3290 allaturas.

215 3339 271 3407 Ne
288 3333 471 3432 singulm,
492 3333 594 3432 quod
611 3333 756 3432 longius
776 3335 838 3422 sit,
856 3356 1083 3421 recenseam,
1103 3337 1239 3407 eminet

170 3453 265 3522 iuter
277 3473 425 3537 omnes,
440 3450 577 3546 optima
590 3445 664 3520 fide
684 3459 720 3520 et
738 3447 861 3519 sedula
881 3464 992 3546 opera
1011 3446 1239 3521 commenda-

168 3565 435 3652 bilis,Cortius.
447 3561 516 3634 Sed
532 3565 562 3634 is
572 3577 671 3635 totus
687 3563 723 3634 in
738 3561 986 3634 confirmanda
998 3564 1098 3633 vocis
1112 3563 1239 3635 unius·

168 3681 346 3779 cujusque
374 3677 572 3766 latinitate,
601 3691 637 3749 et
666 3675 892 3749 excutiendis
916 3675 1084 3749 codicum
1111 3675 1239 3748 lectio-

168 3793 298 3886 nibus,
318 3815 417 3892 saepe
439 3791 596 3881 nullam,
622 3788 817 3889 aliquando
845 3789 1043 3882 infelicem,
1063 3792 1102 3860 in
1126 3793 1242 3890 expla-

168 3909 294 3984 nandis
315 3907 510 3983 sententiis
537 3929 683 4004 operam
712 3908 828 4005 ponit.
849 3905 904 3978 Ad
929 3905 999 3977 hoc
1024 3905 1240 4006 elegantiam

167 4027 309 4129 negligit
329 4023 488 4122 saepius,
504 4023 768 4120 grammaticam
792 4021 987 4094 interdum.
1005 4025 1081 4094 Nec
1099 4021 1241 4095 medio-
