2950 4648
228 325 302 407 [pali
437 398 439 402 .
610 319 886 388 SALLUSTII

226 467 361 550 penates
380 475 491 536 meos,
512 453 741 546 patriamque,
767 467 800 519 et
821 474 986 520 summum
1010 451 1183 545 imperium
1210 448 1286 518 viiia

226 560 356 644 habeo;
377 559 449 651 quis
463 557 544 625 mihi
564 559 641 625 vivo
660 559 825 626 cruciatus
841 559 918 626 satis
938 571 1004 644 est,
1022 571 1078 624 aut
1099 581 1171 650 quoe
1189 579 1287 650 poena

225 662 379 734 mortuo?
393 689 495 757 quum
506 665 615 732 omnia
623 679 803 732 memorata
817 663 906 758 apud
916 663 1038 731 inferos
1049 661 1209 757 supplicia
1217 687 1285 732 sce·

228 771 294 840 lere
308 795 383 842 tneo
394 771 466 838 vici.
483 773 513 838 Α
528 771 632 864 prima
645 769 863 838 adolescentia
879 771 912 836 in
925 793 983 838 orc
997 784 1108 838 vestro
1119 822 1129 856 ,
1139 771 1285 862 privatus

229 893 262 946 et
275 879 310 958 in
325 876 582 971 magistratibus,
597 878 648 971 egi
664 878 738 970 :qui
755 874 883 971 lingua,
900 878 956 970 qui
971 875 1108 945 consilio
1123 899 1216 958 meo,
1229 875 1283 968 qui

229 985 368 1080 pecunia
396 982 547 1069 voluere,
570 984 619 1052 usi
641 997 719 1051 sunt
740 1007 747 1049 :
772 1007 877 1076 neque
902 1007 964 1077 ego
992 980 1143 1050 callidam
1171 981 1284 1050 facun-

228 1090 333 1174 diam,
357 1113 463 1182 neque
486 1091 654 1184 ingenium
677 1088 719 1157 ad
741 1088 1016 1157 malefaciundum
1036 1089 1168 1156 exercui
1190 1113 1198 1154 :
1219 1087 1285 1155 avi·

227 1197 391 1266 dissumus
409 1197 544 1290 privatae
560 1195 673 1289 gratiae
684 1193 708 1218 ¹⁰
723 1218 893 1263 maxumas
910 1195 1092 1262 inimicitias
1108 1219 1170 1288 pro
1187 1217 1283 1288 repu-

228 1301 313 1372 biica
343 1303 500 1396 suscepi:
527 1304 584 1395 qui
606 1303 711 1370 victus
735 1326 812 1370 cum
835 1297 890 1367 illa
914 1298 1030 1386 simul,
1054 1324 1156 1393 quum
1188 1323 1284 1393 egens

228 1409 341 1478 alienae
361 1410 433 1502 opis
451 1406 547 1501 plura
561 1407 647 1475 mala
661 1422 883 1500 exspectarem
893 1431 985 1494 ‚vos,
998 1407 1163 1494 Quirites,
1175 1429 1285 1474 rursus

228 1515 310 1585 mihi
325 1515 482 1608 patriam,
493 1512 571 1581 deos
585 1527 735 1607 penates,
749 1539 826 1582 cum
836 1513 959 1606 ingenti
973 1512 1131 1606 dignitate
1143 1511 1284 1580 dedistis.

229 1625 294 1692 Pro
313 1618 431 1712 quibus
453 1617 618 1687 beneficiis
640 1621 695 1686 vix
715 1621 791 1688 satis
814 1633 928 1713 gratus
947 1619 1084 1703 videar,
1106 1619 1133 1686 si
1154 1615 1286 1710 singulis

228 1729 394 1807 animam,
412 1749 512 1818 quam
530 1723 699 1818 nequeo¹¹,
716 1727 942 1794 concesserim.
962 1727 1048 1794 Nam
1066 1725 1133 1792 vita
1148 1738 1182 1792 et
1199 1749 1285 1791 mors

227 1836 302 1928 jura
321 1844 446 1900 naturae
468 1844 545 1900 sunt
563 1855 571 1897 t
590 1833 638 1899 uti
658 1831 727 1900 sine
745 1829 906 1900 dedecore
930 1855 1005 1899 cum
1025 1829 1176 1918 civibus,
1201 1829 1287 1898 fama

231 1954 266 2008 et
281 1938 421 2008 fortunis
439 1939 580 2032 integer,
602 1961 698 2031 agas,
721 1937 755 2006 id
772 1937 861 2007 dono
881 1936 978 2006 datur
1000 1951 1098 2030 atque.
1119 1937 1284 2030 accipitur.

230 2144 344 2214 ejectum
359 2139 464 2193 Cottam
479 2136 618 2191 confirmet
632 2139 688 2191 Cic.
704 2137 738 2191 de
782 2136 924 2202 micitiam,
934 2138 1086 2209 reipublice
1098 2155 1192 2202 cause,
1204 2137 1286 2190 reior-

233 2222 308 2275 Orat.
328 2237 379 2282 ιιι,
400 2219 425 2272 3.
441 2217 531 2271 Poeta
548 2217 620 2291 Sylla
639 2218 739 2272 victore
782 2217 1163 2271 midavit-Vietassimalcm
1171 2217 1287 2270 tuebari-

232 2311 369 2354 revocatus
382 2311 429 2351 est.
445 2299 501 2352 Cur
515 2317 580 2350 vero
595 2299 646 2350 lata
660 2297 740 2350 fuerit
781 2297 848 2349 lium
869 2315 945 2350 suum
968 2298 1064 2351 innuit.
1090 2297 1287 2368 Rempublicem

234 2381 275 2434 lex
292 2380 389 2442 Varia,
410 2397 442 2431 ex
459 2377 582 2448 Appiano
602 2389 629 2430 et
651 2377 740 2431 multis
782 2395 846 2428 vero
860 2377 962 2430 victam*
972 2375 1039 2430 dicit
1055 2377 1243 2448 questionibus
1256 2393 1287 2428 est

235 2461 291 2512 aliis
302 2455 419 2511 dilucide
428 2457 540 2528 explicat
552 2457 660 2522 Crevier,
672 2458 740 2510 Hist.
782 2457 933 2527 legeVaria
952 2457 1047 2525 injuste
1065 2457 1161 2510 habitis
1178 2457 1206 2508 in
1228 2456 1288 2508 ciri·

234 2541 303 2592 Rom.
322 2539 369 2590 lib.
392 2553 470 2601 nxrs
487 2553 566 2606 quem
586 2534 656 2588 vide.
682 2535 741 2589 Hoc
783 2535 842 2589 tatis
863 2535 1012 2608 principes,
1028 2553 1142 2606 quorum
1169 2535 1246 2588 multi
1259 2535 1286 2587 iu

233 2637 283 2670 nos
308 2617 397 2670 dicere
413 2615 475 2668 satis
495 2615 550 2680 sit,
569 2615 741 2684 optimatibus
784 2615 893 2668 exilium
906 2616 957 2669 acti
972 2615 1084 2668 fuerant.

236 2699 361 2768 injectum
372 2695 450 2747 fuisse
463 2693 526 2746 belii
538 2693 640 2746 socialis
653 2695 741 2747 couci·
827 2691 871 2748 11'.
889 2697 970 2764 Quam
986 2714 1081 2766 nequeo.
1102 2694 1160 2747 Hoc
1174 2713 1230 2747 non
1247 2692 1287 2746 di·

237 2776 285 2830 tati
295 2773 478 2844 crimen‚quia
489 2771 740 2840 Drususadvoeato,
784 2775 835 2836 eit,
852 2775 914 2846 quia
931 2793 986 2826 non
1004 2775 1066 2828 licet
1081 2775 1107 2826 ei
1123 2793 1174 2844 pro
1188 2773 1289 2826 civibus

124 2901 128 2910 .
236 2869 267 2908 ut
280 2851 429 2907 commodas
444 2852 545 2904 senatui
559 2851 628 2923 leges
643 2853 741 2921 ferret,
784 2853 837 2907 suis
850 2855 919 2906 mori
928 2849 973 2915 (se
985 2855 1057 2907 cuim
1070 2853 1139 2906 infra
1150 2853 1231 2906 morti
1244 2851 1289 2906 de·

237 2935 369 2988 sociorum
385 2930 742 2994 auxilio,civitatisr0manas
784 2931 898 2999 vovet);
917 2933 962 2986 sed
982 2935 1045 3004 quie
1061 2951 1116 2986 non
1132 2935 1219 2986 multas
1234 2933 1289 2986 eui·

237 3019 279 3086 jus
290 3014 326 3066 eis
334 3011 467 3082 pollicitus
476 3011 569 3064 iuerat.
580 3011 670 3076 Quum
678 3031 742 3065 vero
784 3031 840 3066 mas
857 3013 949 3079 habet,
968 3031 1034 3084 quas
1052 3011 1098 3066 det
1113 3029 1162 3084 pro
1181 3013 1289 3084 singulis.

238 3113 294 3147 non
306 3093 395 3145 omnia
409 3090 510 3143 senatui
527 3109 559 3143 ex
574 3103 637 3143 voto
652 3092 742 3144 cessis·
785 3125 825 3136 -
838 3093 903 3145 Nam
911 3097 965 3144 vita
978 3105 1004 3144 et
1013 3113 1090 3154 mors,
1103 3105 1152 3146 etc.
1167 3093 1224 3146 Etsi
1233 3111 1292 3164 pos·

239 3170 743 3242 sent,Drusuaqueinteriectussuisset,
786 3191 840 3225 sem
867 3173 981 3244 singulas
1005 3191 1056 3245 pro
1081 3171 1190 3242 singuiis
1215 3172 1291 3224 vobis

238 3252 367 3327 promissa
382 3250 474 3303 abillo
490 3251 582 3304 civitas
597 3251 674 3304 sociis
689 3271 744 3305 non
786 3253 885 3305 animas
898 3251 976 3316 dare,
991 3265 1147 3305 nontamen
1162 3251 1223 3304 satis
1236 3269 1291 3324 gra·

240 3334 301 3387 data
316 3344 363 3385 est.
379 3329 444 3383 Ideo
462 3331 492 3383 hi
508 3349 580 3383 arma
594 3349 743 3403 sumpsere3
786 3345 828 3384 tus
845 3349 899 3384 esse
920 3331 1034 3386 viderer.
1056 3329 1088 3384 Id
1109 3331 1182 3384 enim
1200 3330 1292 3384 darem

187 3476 190 3486 ¹
241 3413 275 3468 de
283 3431 337 3485 quo
345 3411 414 3463 bello
427 3410 497 3463 Fior.
507 3413 613 3476 111,18.
625 3410 743 3463 —Sum-
786 3412 881 3475 vobis,
902 3411 976 3483 quod
992 3425 1111 3478 astures,
1130 3429 1185 3463 non
1204 3411 1291 3464 homi·

242 3513 304 3546 mum
336 3493 464 3561 irnperirna.
494 3491 652 3543 Consulatus
675 3490 743 3543 scili·
787 3509 869 3554 num,
887 3493 953 3560 juris
972 3503 1033 3546 est:
1057 3509 1104 3543 vos
1124 3502 1211 3543 eutem
1223 3491 1291 3543 mihi

242 3570 468 3641 oet,eiapopulo
477 3588 588 3622 romano
599 3568 743 3624 mandatus.
787 3569 913 3636 dedistis,
934 3569 1006 3643 quod
1030 3569 1110 3623 vestri
1130 3571 1198 3639 juris
1220 3581 1292 3634 erat3

285 3669 328 3704 ιο.
347 3649 511 3702 Aridimunus
527 3653 630 3718 privates
646 3653 743 3717 gratiis.
788 3649 887 3702 sedicet
907 3663 937 3703 ut
956 3651 1012 3703 sine
1031 3647 1161 3702 dedecore
1178 3669 1240 3703 cum
1255 3651 1292 3702 ci-

243 3733 345 3784 ,Horum
355 3729 496 3782 verborum
507 3745 569 3781 cum
578 3728 745 3798 sequentibus
788 3729 865 3782 vibus
878 3730 961 3795 meis,
977 3732 1043 3783 fama
1057 3741 1084 3782 et
1098 3729 1211 3781 fortunis
1224 3730 1291 3782 inte·

243 3809 436 3882 oppositionem
452 3805 637 3860 animadverte.
655 3807 745 3871 Quan-
788 3827 849 3879 ger,
864 3811 989 3864 viverent.
1005 3807 1085 3875 Quod
1100 3827 1149 3879 ego
1162 3809 1238 3862 vobis
1249 3807 1292 3861 da·

243 3907 322 3960 quam
337 3889 434 3941 multos
449 3887 544 3940 amicos
558 3887 608 3938 sibi
623 3887 745 3956 privatim
790 3907 871 3952 rem,
892 3907 947 3942 non
966 3909 1016 3961 pro
1036 3907 1099 3942 vero
1118 3885 1191 3940 dono
1212 3889 1292 3958 accipi

244 3969 328 4022 fecere
340 3965 469 4034 studeret,
481 3967 581 4022 nullam
594 3979 680 4020 tamen
695 3966 743 4019 ini·
790 3979 891 4038 potest;
906 3969 979 4040 quod
995 3988 1041 4022 ros
1053 3966 1161 4022 dedistis
1175 3965 1294 4037 mihi,id
