2950 4646
227 376 298 454 156
479 383 518 452 C.
547 381 722 456 CRISPI
750 377 1029 450 SALLUSTII

274 515 352 588 VII.
372 514 432 587 His
451 513 699 584 difficultatibus
719 514 964 584 circumventus
982 513 1039 584 ubi
1056 511 1163 603 videt,
1181 539 1288 612 noqtre

222 647 284 717 per
303 623 389 710 vim,
408 646 514 718 neque
532 621 655 692 insidiis
675 621 818 718 opprimi
838 645 934 716 posse
952 621 1121 692 hominem
1140 637 1209 692 tam
1228 647 1288 694 ac-

223 743 356 823 ceptum
375 727 609 825 popularibus,
624 727 715 823 quod
734 741 806 797 erat
823 727 989 824 iugurtha
1008 752 1111 798 manu
1137 744 1289 824 promtus

221 849 256 904 et
273 850 432 934 appetens
453 834 569 932 gloria
594 834 762 922 militaris,
783 835 897 904 statuit
912 859 989 906 eum
1012 835 1179 930 objectare
1198 827 1288 931 peri-

222 939 303 1012 culis
314 995 324 1030 ,
337 957 371 1011 et
385 968 425 1012 eo
443 943 544 1013 modo
557 943 725 1014 fortunam
736 955 873 1012 tentare.
892 943 1016 1036 Igitur,
1033 941 1121 1014 bello
1133 943 1288 1013 Numan·-

221 1049 292 1120 tino
300 1047 322 1136 ¹,
340 1051 497 1146 Micipsa,
513 1075 617 1145 quum
637 1047 761 1145 populo
789 1073 927 1118 romano
946 1051 1094 1144 equitum
1113 1064 1212 1144 atque
1227 1075 1289 1144 pe·

221 1153 327 1224 ditum
346 1157 466 1226 auxilia
484 1159 648 1245 mitteret,
664 1180 820 1252 sperans,
835 1155 889 1225 vel
905 1155 1102 1226 ostentando
1116 1157 1290 1242 virtutem,

221 1261 274 1331 vel
295 1261 439 1332 hostium
456 1262 597 1346 saevitia'
614 1262 710 1333 facile
730 1287 944 1351 occasurum,
957 1261 1105 1359 praefecit
1118 1261 1292 1348 Numidis,

222 1393 305 1464 quos
323 1370 358 1438 in
378 1367 572 1466 Hispaniam
592 1371 753 1440 mittebat.
774 1369 839 1438 Sed
861 1393 900 1438 ea
920 1393 972 1440 res
995 1367 1093 1464 longe
1115 1367 1230 1456 aiiter,
1250 1393 1290 1438 ac

221 1490 313 1544 ratus
331 1491 420 1564 erat,
438 1479 571 1545 evenit:
591 1499 669 1544 nam
685 1475 872 1570 Jugurtha,
890 1489 929 1562 ut
942 1490 1015 1546 erat
1031 1476 1173 1570 impigro
1191 1489 1292 1569 atque

221 1584 291 1650 acri
308 1584 458 1675 ingenio,
474 1583 531 1652 ubi
550 1567 719 1652 naturam³
732 1584 767 1650 P.
783 1583 962 1676 Scipionis,
973 1583 1031 1676 qui
1044 1597 1116 1652 turn
1132 1583 1292 1653 Romanis

222 1689 418 1782 imperator,
429 1703 463 1756 ct
476 1713 603 1758 morem
616 1688 762 1758 hostium
773 1691 947 1784 cognovit3
958 1687 1064 1758 multo
1077 1687 1191 1779 labore
1202 1687 1293 1758 mul-

223 1807 321 1887 taque
333 1803 595 1890 cura',praeterea
607 1780 858 1865 modestissume
867 1795 1015 1891 parendo
1023 1810 1148 1891 otsaepe
1159 1795 1292 1864 obviam

223 1899 334 1969 eundo
349 1901 520 1995 periculis,
534 1904 569 1970 in
582 1917 709 1974 tantam
726 1901 955 1980 claritudinem
972 1897 1065 1972 brevi
1081 1916 1294 1998 pervenerat,

224 2020 262 2074 ut
276 2010 397 2078 nostris
416 2008 631 2079 vehementer
652 2033 768 2097 carus,
777 2011 989 2080 Numantinis
1004 2034 1160 2080 maxumo
1174 2010 1295 2084 terrori

224 2129 319 2184 esset.
339 2115 388 2184 Ac
404 2140 498 2204 sane,
511 2115 603 2210 quod
620 2115 863 2194 difficillumum
878 2118 912 2186 in
928 2118 1042 2213 primis
1059 2131 1124 2206 est,
1137 2131 1169 2186 et
1180 2114 1294 2210 praelio

224 2235 379 2290 strenuus
397 2237 492 2312 erat,
513 2238 548 2292 et
577 2223 685 2292 bonus
710 2223 874 2294 consilio:
899 2249 1043 2318 quorum
1064 2222 1204 2292 alterum
1252 2247 1295 2293 ex

225 2328 435 2421 providentia
464 2326 640 2420 amorem,
667 2328 808 2400 alterum
837 2331 882 2400 eri
905 2331 1045 2402 audacia
1074 2331 1294 2400 temeritatem

1311 2181 1319 2216 t

225 2432 347 2504 afferre
365 2434 560 2531 plerumque
573 2435 674 2505 solet.
695 2437 803 2531 Igitur
824 2439 1004 2533 imperator
1021 2458 1137 2506 omnes
1155 2435 1294 2506 sereres

226 2564 359 2636 asperas
371 2546 441 2636 'per
461 2543 661 2638 Jugurtham
688 2567 810 2638 agere,
827 2544 862 2612 in
888 2546 1004 2615 amicis
1025 2543 1167 2633 habere,
1189 2544 1295 2638 magis

227 2649 395 2741 magisque
417 2647 537 2718 indies
555 2647 729 2744 amplecti:
743 2651 865 2750 quippe
884 2650 979 2744 cujus
997 2675 1104 2746 neque
1121 2649 1295 2720 consilium

227 2777 335 2846 neque
352 2753 522 2847 inceptum
538 2753 643 2824 ullum
662 2755 785 2826 frustra
805 2770 885 2826 erat.
905 2759 981 2828 Huc
997 2757 1176 2832 accedebat
1192 2758 1298 2826 muni·

225 2937 279 2991 lius
297 2938 434 3004 criminis,
449 2939 504 2992 imo
525 2940 615 2992 nimiu
634 2940 740 2996 virtutis
783 2941 850 2994 mam
862 2943 1067 3014 aceensa.Virg.
1083 2960 1123 3008 xr,
1141 2958 1212 3011 910:

228 3037 304 3070 reum
314 3018 472 3072 interficere.
484 3018 557 3084 Quid
568 3039 631 3091 ergo
638 3020 741 3076 iecisset
783 3025 809 3066 E·
819 3039 887 3066 m
898 3025 974 3066 &en
985 3027 1065 3080 necavit
1073 3025 1152 3066 anm·
1160 3026 1183 3065 t·
1192 3024 1264 3074 :min

228 3116 275 3150 ner
286 3099 331 3152 ille
347 3111 401 3152 tam
414 3098 543 3171 providus
555 3100 655 3166 futuri,
665 3101 687 3154 si
695 3102 739 3173 ju·
783 3103 839 3156 Ubi
854 3103 961 3157 Servim
975 3116 1000 3156 et
1007 3106 1097 3172 fortem
1109 3114 1135 3156 et
1150 3105 1237 3154 innon
1250 3101 1295 3156 iu·

229 3178 303 3232 venis
316 3197 430 3251 nequam
448 3191 476 3232 ct
491 3178 612 3252 perditus
626 3179 740 3235 fnisset?
783 3194 951 3255 terpretatur.

229 3259 264 3312 Et
271 3270 359 3314 tamen
366 3259 478 3332 Micipsa
485 3279 595 3334 magnus
602 3261 741 3333 bonusque
825 3265 851 3318 3.
869 3263 998 3327 Neam.
1019 3262 1132 3336 impigri
1152 3281 1249 3337 nempe
1267 3273 1296 3316 et

228 3359 275 3392 rex
288 3339 410 3394 habetur.
429 3341 504 3408 Imo,
520 3343 576 3396 iere
590 3341 671 3396 evicit
684 3359 740 3397 toe-
783 3344 850 3398 acris
859 3344 960 3416 ingenii
968 3343 1033 3410 fait,
1044 3342 1073 3397 id
1083 3341 1191 3398 studere
1201 3357 1231 3396 ut
1242 3344 1295 3396 im-

228 3420 328 3474 lerihus
342 3422 359 3474 J
361 3421 489 3492 ugurtha,
505 3434 536 3476 nt
547 3424 693 3496 cogitatam
707 3424 740 3478 ab
783 3431 1019 3496 peratoremaaurn
1026 3424 1183 3497 hostemque
1192 3435 1296 3490 nauta

228 3520 261 3553 eo
273 3499 446 3572 parricidium
457 3503 546 3556 minas
558 3502 646 3558 oderit
655 3517 741 3575 poste·
783 3505 820 3558 ita
835 3503 950 3577 proinde
967 3523 996 3559 se
1013 3517 1147 3577 gesturus,
1166 3516 1198 3559 ut
1218 3503 1297 3558 alteri

227 3581 299 3635 ritas.
782 3585 911 3658 placeret,
922 3585 1041 3640 vinceret
1053 3586 1175 3640 alterurn.

272 3662 338 3716 Can.
358 3662 421 3714 VII.
445 3679 469 3714 1.
488 3661 561 3715 Bello
580 3661 739 3718 Numistro.
824 3671 851 3730 4.
870 3666 979 3737 Quorum
988 3665 1098 3720 alarum
1113 3665 1218 3720 Scilicet
1229 3681 1296 3717 oon·

228 3739 309 3807 Quod
337 3741 415 3812 gessit
440 3740 470 3793 in
499 3739 627 3812 Hispania
651 3742 740 3815 Scipio
783 3745 1297 3818 aiiiobonumesse3qiuereecumpmi-

228 3821 401 3884 AEmilianus,
419 3838 466 3874 seu
480 3820 620 3876 diciamus
641 3823 739 3877 minor.
783 3825 871 3887 dantia,
880 3825 910 3880 id
920 3826 1125 3898 suaper-iculum
1134 3821 1298 3880 anteviden·

228 3900 315 3972 Hujus
326 3901 388 3954 belli
404 3899 582 3954 narrationem
595 3899 657 3956 vide
668 3902 740 3976 apud
783 3903 811 3958 di
827 3905 965 3972 facultate,
979 3907 1137 3978 conjuncta,
1148 3902 1210 3958 ideo
1224 3921 1297 3974 sepe

229 3979 531 4052 Florum,11,17,18.
782 3985 1174 4056 gignittimorem-Alteram
1189 3982 1297 4036 Scilicet

272 4079 297 4111 2.
323 4061 437 4114 Hostium
457 4063 558 4118 savina.
579 4061 687 4118 Virtute
709 4062 739 4118 in
782 4063 875 4136 pretio
886 4077 1025 4124 mennam
1039 4083 1109 4134 επις
1120 4061 1194 4138 qnod
1203 4080 1236 4117 ex
1247 4081 1296 4116 w·
