2950 4648
412 477 415 484 .
448 424 652 492 nansi.
681 423 1019 492 onerarunt.
1059 516 1065 526 Ι
1182 421 1259 518 469

201 553 383 647 ceterisque
397 555 542 647 ejusdem
554 555 720 641 factionis,
735 555 952 650 quadraginta
965 567 1149 639 senatores,
1164 553 1260 622 multi
1301 557 1305 566 ’

197 672 360 754 preterea
377 685 453 730 cum
469 685 526 755 spe
542 660 630 730 bona
649 660 888 748 adolescentes,
909 662 1004 730 sicuti
1026 659 1156 746 hostioe,
1175 683 1260 728 mac-

203 767 261 832 tati
276 779 370 834 sunt:
384 791 485 860 quum
499 769 623 836 interea
636 768 926 862 importunissuma
940 789 1060 860 genera
1073 765 1260 850 hominum,

202 883 253 940 tot
265 872 460 942 miserorum
474 875 595 942 civium
607 875 763 967 sanguine
776 875 886 942 satiari
899 874 1090 966 nequivere3
1105 896 1173 940 non
1188 871 1261 940 orbi

204 973 318 1063 liberi,
331 1003 398 1048 non
419 993 571 1074 parentes
586 994 701 1048 exacta
718 993 832 1065 aetate,
850 1005 918 1050 non
934 980 1073 1072 gemitus
1094 979 1263 1062 virorum,

202 1079 310 1152 luctus
324 1083 515 1173 mulierum,
527 1087 704 1154 immanem
719 1110 834 1156 eorum
849 1085 996 1154 animum
1011 1082 1260 1178 inflexit,quin‚

203 1187 352 1258 acerbius
369 1191 402 1258 in
416 1190 484 1260 dies
496 1190 581 1260 mele
596 1191 752 1260 faciundo
767 1215 806 1261 ac
821 1190 965 1260 dicundo
975 1243 984 1277 ,
993 1189 1243 1282 dignitatealios
1251 1243 1266 1278 ,

202 1291 284 1362 alios
304 1296 434 1366 civitate
453 1321 604 1366 eversum
622 1300 716 1367 irent.
731 1299 818 1366 Nam
843 1296 921 1390 quid
938 1320 1001 1391 ogo
1018 1295 1060 1364 de
1080 1307 1113 1362 te
1135 1295 1260 1378 dicam,

203 1400 297 1493 cujus
312 1402 544 1472 contumeliam
561 1403 710 1472 homines
728 1404 940 1499 ignavissumi
954 1403 1021 1470 vita
1037 1423 1096 1469 sue
1111 1425 1259 1470 commu·

203 1518 274 1576 tare
294 1495 451 1578 volunt³l
466 1508 598 1580 Scilicet
611 1535 717 1603 neque
728 1508 789 1579 illis
801 1523 900 1578 tantae
913 1507 1076 1602 voluptati
1093 1520 1144 1576 est
1158 1500 1260 1596 (tem-

202 1613 264 1682 etsi
295 1615 537 1708 insperantibus
570 1615 713 1703 accidit)
739 1615 941 1702 dominatio,
969 1627 1094 1708 quanto
1127 1614 1260 1682 moerori

203 1731 260 1786 tua
277 1717 440 1812 dignitas:
455 1723 512 1815 qui
527 1723 669 1817 optatius
686 1722 826 1808 habent,
844 1745 884 1790 ex
903 1735 958 1792 tua
977 1719 1163 1790 calamitate
1175 1719 1259 1813 peri·

202 1821 315 1892 culum
328 1823 485 1896 libertatis
501 1814 640 1913 facere⁴‚
654 1851 752 1923 quem
766 1841 870 1922 perte
888 1825 1001 1921 populi
1018 1827 1148 1895 romani
1163 1826 1262 1920 impe·

203 1930 288 1998 rium
314 1955 505 2002 maxumum
529 1959 569 2002 ex
595 1959 716 2028 magno
738 1933 818 2002 fieri.
846 1935 924 2020 Quo
947 1933 1051 2025 magis
1078 1931 1138 2022 tibi
1162 1932 1258 2000 etiam

201 2047 300 2130 atque
317 2039 415 2106 etiam
429 2041 540 2107 animo
558 2039 822 2134 prospiciendum
837 2053 900 2122 est,
920 2061 1063 2131 quonam
1076 2035 1176 2105 modo
1189 2061 1260 2104 rem

204 2141 347 2212 stabilias
366 2145 642 2238 communiasque.
660 2144 745 2212 Mihi
761 2143 893 2238 quidem
907 2167 980 2237 quae
992 2165 1085 2210 mens
1101 2143 1263 2236 suppetit,

202 2243 311 2342 eloqui
333 2274 401 2318 non
422 2249 604 2320 dubitabo:
625 2265 770 2320 ceterum
796 2252 842 2320 tui
862 2251 926 2317 erit
950 2247 1074 2342 ingenii
1095 2247 1259 2342 probare,

201 2377 276 2446 quae
296 2379 376 2422 vera
396 2370 493 2449 atque
515 2355 604 2424 utilia
623 2355 714 2425 factu
734 2370 839 2450 putes.

255 2461 296 2528 V.
311 2463 352 2529 ln
362 2460 442 2530 duas
454 2461 579 2557 partes¹
593 2485 658 2558 ego
672 2461 838 2531 civitatem
852 2459 990 2528 divisam
1005 2459 1164 2547 arbitror,
1175 2461 1259 2529 sicut

204 2661 303 2718 Odium
313 2679 447 2720 auctorem
458 2667 485 2719 in
498 2667 639 2722 verborum
651 2668 708 2720 vio·
751 2666 841 2719 turbas
854 2676 915 2736 post
929 2675 1042 2716 mortem
1056 2661 1086 2715 P.
1097 2658 1184 2714 Clodii
1195 2678 1261 2712 con·

203 2743 308 2798 lentiam
335 2747 497 2817 praecipitum
525 2765 574 2800 nec
599 2747 709 2818 proprio
750 2746 860 2809 citatas,
875 2746 1059 2814 moesiamque
1075 2741 1174 2795 curiam
1191 2739 1260 2792 llos·

204 2841 280 2878 sensu
295 2827 379 2898 accipi
399 2823 497 2878 debent
518 2845 594 2880 voces
612 2829 710 2878 maaet
751 2825 842 2878 tiliam.
858 2824 1016 2876 Hosomnes
1028 2819 1160 2874 manserit
1172 2820 1259 2872 Caesar

205 2910 444 2976 sussmtsangutm,
458 2923 516 2977 quse
528 2923 710 2976 moxsequuu·
750 2902 878 2969 dictator,
899 2899 1045 2956 subsidium
1067 2901 1120 2954 suis
1139 2899 1258 2970 pertibus

205 2995 256 3037 tur.
269 2983 329 3055 Ipse
335 2985 428 3039 Cicero
439 3005 488 3056 pro
495 2985 616 3050 Quintio,
629 3003 709 3048 uxr,
750 2985 862 3038 futuros.

204 3063 514 3135 etslibi,verbojugulari
520 3066 611 3128 utitur,
620 3083 710 3136 quem·
792 3064 818 3118 3.
846 3062 921 3132 Cujus
935 3060 1136 3114 contumelium...
1146 3061 1200 3109 aaa
1214 3076 1258 3110 sua

204 3143 242 3195 ris
254 3162 327 3196 mors
336 3143 424 3198 clienti
432 3162 595 3216 nequaquam
607 3144 710 3215 impera·
751 3154 893 3196 commutare
905 3141 998 3192 volam.
1015 3139 1068 3190 Pro
1081 3139 1155 3208 cujus
1167 3149 1259 3190 contu·

136 3219 142 3230 ’
204 3219 271 3276 dest.
285 3221 365 3288 Quod
376 3236 464 3276 sutem
480 3222 546 3278 dixit
561 3222 614 3274 orbi
627 3223 710 3287 liberi,
751 3222 828 3276 melin
838 3221 919 3272 vitam
937 3220 985 3289 ipsi
996 3237 1069 3270 suum
1080 3215 1143 3270 dare
1158 3234 1212 3268 non
1221 3233 1261 3268 re·

205 3303 263 3356 orbi
278 3321 308 3355 re
322 3304 378 3376 ipsa
391 3317 452 3358 sunt
463 3303 526 3367 lilii,
543 3320 625 3374 quum
635 3313 710 3373 peter
752 3311 855 3362 cussut3
866 3299 940 3368 cujus
952 3296 1138 3348 contumeliam
1145 3289 1259 3365 proprie

204 3381 563 3454 exalat-Diguueattos,
579 3393 629 3435 etc.
639 3379 710 3432 Mul·
751 3382 810 3432 rite
819 3381 921 3448 jactans
936 3392 1023 3427 emere
1037 3375 1121 3444 parati
1137 3385 1205 3424 sunt.
1220 3373 1259 3424 De

206 3473 246 3514 tos
272 3459 378 3532 quidem
405 3475 537 3516 senatores
562 3472 588 3514 et
612 3460 711 3530 equites
751 3458 803 3510 hoc
817 3473 894 3510 seusu
908 3454 984 3510 serbi
997 3463 1098 3514 mutan,
1120 3449 1180 3504 vide
1195 3451 1257 3520 lug.

205 3541 306 3594 coum
320 3553 347 3594 et
365 3540 399 3596 de
413 3540 539 3613 dignitate
554 3559 600 3594 sua
615 3537 711 3610 dejecit
752 3535 913 3597 XXXVIII,
928 3551 957 3588 n.
972 3551 1015 3586 so.

205 3637 297 3674 censor
302 3621 417 3693 Appius,
425 3640 496 3676 anno
505 3626 575 3690 7⁰43
590 3620 711 3690 interque
794 3623 820 3679 4.
835 3613 970 3667 Periculum
980 3610 1097 3664 libertatis
1099 3611 1189 3676 sacen.
1201 3608 1257 3672 Illi,

205 3697 253 3752 bos
262 3701 348 3772 ipsum
354 3700 505 3754 Sallustium
517 3711 608 3754 senatu
619 3697 710 3752 movit.
751 3695 870 3766 Pompeii
877 3690 1086 3748 dominationem
1095 3685 1259 3760 adjuvando,

206 3775 272 3832 Inde
288 3780 342 3833 ire.
359 3811 400 3824 -
418 3781 490 3834 Alaba
507 3783 609 3832 civitate.
631 3777 710 3830 Pom·
752 3777 898 3828 libertatem
918 3771 946 3824 in
963 3769 1111 3844 periculum
1129 3765 1261 3820 adducere
1339 3779 1348 3796 ·’

205 3859 264 3928 pelo
280 3843 387 3912 terbum
401 3859 522 3923 consule,
534 3859 611 3912 exilio
627 3857 711 3910 mulc-
753 3856 870 3917 malunt,
892 3847 1038 3904 dummodo
1053 3849 1182 3902 Cmsrem
1202 3865 1261 3918 pes·

205 3937 251 3990 tati
266 3938 454 4011 suntIIipsaus
469 3951 496 3992 et
510 3937 640 4001 Scaurus,
653 3954 711 3989 asu·
751 3932 889 3998 eamdent,
903 3949 996 4004 quam,
1011 3941 1062 3981 etc.

205 4015 274 4070 bitus
287 4017 418 4084 damuati3
434 4020 497 4072 item
511 4017 543 4083 Q.
555 4017 710 4089 Pompeius,
792 4013 857 4070 Csr.
876 4013 911 4064 V.
932 4029 956 4064 ι.
971 4010 1002 4064 Iu
1019 4007 1079 4059 dim
1091 4015 1182 4075 partes.
1203 4003 1260 4058 Hoc

202 4105 231 4148 et
250 4095 375 4164 Plancus,
397 4110 424 4153 et
438 4098 531 4154 Sextus
549 4094 659 4154 Clodius
675 4095 711 4150 ob
752 4093 861 4167 proprio
871 4109 949 4144 sensu
960 4089 1063 4158 accipe,
1074 4081 1263 4156 nouprodue·

1008 4151 1077 4239 30³
