2942 4662
390 453 393 459 '
509 446 565 515 IN
593 445 935 516 SALLUSTIUM.
1174 445 1246 521 505

196 580 231 648 in
247 576 354 664 fretis,
371 574 600 665 subsederant,
616 579 756 646 nominis
770 578 888 672 perditi
906 602 945 648 ac
965 580 1141 667 notissimi,
1157 579 1247 650 nulla

195 685 231 752 in
245 697 339 777 parte
361 683 475 752 castris
493 684 582 778 apti,
598 683 660 752 nisi
682 682 810 753 licentia
832 686 1005 774 vitiorum,
1020 699 1055 755 et
1072 686 1248 780 cupiditate

196 813 309 858 rerum
330 811 500 858 novarum.

249 897 326 963 VH.
354 896 397 962 At
429 909 640 988 posteaquam
667 909 787 990 praetor
817 895 922 965 factus
951 911 1017 983 est,
1043 896 1189 966 modeste
1215 921 1249 966 se

196 1001 297 1095 gessit
313 1015 347 1068 et
367 1001 577 1070 abstinenter.
602 1004 722 1072 Nonne
747 1003 793 1070 ita
813 1003 1016 1096 provinciam
1036 1005 1192 1089 vastavit,
1211 1017 1250 1071 ut

195 1104 279 1174 nihil
299 1131 405 1201 neque
430 1109 515 1201 passi
537 1109 625 1190 sint,
646 1131 752 1201 neque
775 1109 993 1202 exspectarint
1015 1109 1146 1201 gravius
1169 1110 1249 1177 socii

193 1213 301 1282 nostri
322 1213 356 1280 in
378 1209 487 1300 bello,
508 1238 607 1307 quam
632 1215 757 1308 experti
781 1215 914 1283 suntin
938 1237 1044 1307 pace,
1071 1214 1135 1283 hoc
1161 1214 1247 1282 Afri·

196 1341 271 1387 cam
300 1320 488 1388 interiorem
512 1317 709 1388 obtinente?
735 1319 822 1388 unde
848 1333 976 1388 tantum
1004 1319 1057 1387 hic
1081 1319 1249 1406 exhausit,

196 1438 358 1518 quantum
373 1427 480 1519 potuit
494 1441 552 1495 aut
572 1425 637 1496 fide
655 1427 825 1496 nominum
838 1426 1001 1518 transjici‚
1019 1439 1076 1494 aut
1097 1427 1130 1492 in
1148 1449 1248 1494 naves

196 1530 349 1600 contrudi
359 1557 368 1618 ;
379 1545 526 1621 tantum,
537 1534 690 1626 inquam,
705 1534 739 1602 Ρ.
759 1534 813 1618 C.,
832 1531 999 1618 exhausit,
1015 1545 1174 1625 quantum
1191 1555 1247 1599 vo·

196 1633 273 1720 luit5
294 1661 336 1704 ne
354 1661 487 1706 causam
508 1638 647 1726 diceret,
665 1639 813 1707 sestertio
829 1636 1004 1706 duodecies
1023 1661 1098 1707 cum
1117 1639 1249 1707 Caesare

195 1743 382 1836 paciscitur.
405 1743 506 1833 Quod
526 1746 553 1814 si
573 1744 741 1839 quidpiam
762 1767 877 1813 eorum
900 1742 1018 1813 falsum
1037 1759 1105 1830 est;
1118 1743 1172 1812 hie
1192 1767 1249 1837 pa·

196 1845 264 1915 lam
280 1847 408 1936 refelle,
429 1849 517 1920 unde
533 1865 586 1937 tu,
603 1852 660 1946 qui
673 1850 772 1920 modo
789 1875 831 1920 ne
850 1864 1020 1944 paternam
1038 1848 1170 1944 quidem
1190 1848 1249 1918 do·

196 1977 289 2022 mum
317 1953 476 2040 redimere
502 1959 666 2051 potueris,
688 1971 821 2050 repente
842 1971 999 2050 tanquam
1025 1957 1152 2025 somnio
1173 1955 1249 2024 bea-

196 2072 270 2146 tus,
297 2059 410 2131 hortos
441 2063 709 2156 pretiosissimos,
739 2061 849 2131 villam
872 2063 1001 2130 Tiburti
1028 2063 1067 2130 C.
1092 2061 1250 2147 Caesaris,

195 2161 338 2259 reliquas
361 2169 580 2262 possessiones
602 2165 793 2263 paraveris?
819 2170 935 2262 Neque
958 2167 1064 2262 piguit
1084 2189 1252 2260 quaerere,

196 2293 259 2340 cur
271 2295 333 2366 ego
347 2275 382 2341 P.
401 2275 512 2344 Crassi
526 2273 661 2344 domum
676 2275 842 2357 emissem,
858 2297 961 2367 quum
980 2287 1016 2340 tu
1031 2273 1149 2340 veteris
1167 2269 1250 2341 vitlae

196 2374 351 2447 dominus
371 2380 433 2468 sis,
452 2381 545 2473 cujus
563 2379 662 2477 paulo
687 2393 763 2448 ante
781 2379 889 2448 fuerat
909 2375 1042 2448 Caesari
1062 2377 1180 2464 modo,
1201 2377 1250 2446 in·

196 2506 315 2576 quam,
333 2486 531 2579 patrimonio
549 2511 617 2556 non
633 2510 787 2572 comeso,
805 2483 863 2554 sed
880 2484 1055 2571 devorato,
1070 2484 1188 2578 quibus
1200 2505 1251 2550 ra·

196 2589 344 2660 tionibus
366 2607 501 2686 repente
522 2592 629 2662 factus
655 2607 776 2662 estam
799 2589 958 2676 affluens,
979 2605 1096 2660 ettam
1118 2583 1254 2658 beatus?

197 2717 276 2764 nam
291 2697 363 2790 quis
385 2711 417 2767 te
440 2697 562 2769 faceret
581 2697 756 2785 heredem,
778 2721 875 2792 quem
897 2723 939 2766 ne
960 2698 1102 2766 amicum
1119 2695 1252 2790 quidem

197 2823 294 2872 suurn
312 2804 389 2873 satis
401 2803 576 2875 honesturn
597 2807 769 2901 quisquam
788 2803 848 2873 sibi
868 2801 979 2892 ducit,
993 2804 1054 2872 nisi
1069 2801 1200 2889 similis,
1214 2824 1253 2870 ac

195 2907 352 3001 partui?

252 3014 348 3100 vlu.
375 3017 420 3084 At
447 3013 581 3086 hercule
610 3015 741 3113 egregia
762 3015 849 3086 sacta
874 3013 1037 3110 majorum
1062 3029 1196 3085 tuorum
1220 3026 1254 3083 te

197 3116 377 3208 extollunt3
395 3147 536 3215 quorum
549 3123 616 3192 sive
634 3137 720 3192 tues
741 3121 869 3208 similis,
888 3123 955 3190 sive
970 3119 1015 3189 illi
1033 3123 1081 3189 tui
1094 3173 1104 3208 ,
1118 3119 1199 3189 nihil
1212 3119 1255 3188 ad

198 3226 348 3294 omnium
366 3227 472 3298 scelus
488 3253 527 3298 ac
545 3229 722 3321 nequitiam
740 3227 816 3295 addi
834 3239 951 3319 potest
972 3227 1116 3303 Verum,
1129 3239 1167 3294 ut
1184 3227 1254 3318 opi·

198 3352 283 3418 nor,
305 3331 448 3401 honores
469 3336 517 3402 tui
538 3347 571 3402 te
589 3331 714 3402 faciunt
732 3329 936 3400 insolentem.
958 3331 1031 3416 Tu,
1053 3331 1168 3424 Crispe
1185 3327 1254 3397 Sal·

198 3433 295 3524 lusti,
314 3438 471 3507 tantidem
492 3451 589 3533 putas
609 3461 678 3506 esse
692 3437 742 3506 bis
763 3449 965 3521 senatorem,
987 3448 1021 3502 et
1040 3433 1092 3502 bis
1110 3448 1256 3528 quaesto·

197 3565 270 3610 rem
291 3541 389 3630 lieri,
411 3547 525 3638 quanti
549 3545 598 3614 bis
626 3541 852 3628 consularem,
875 3555 908 3608 et
927 3541 977 3609 bis
995 3536 1257 3634 triumphalem?

199 3648 322 3718 Carere
343 3649 441 3718 debet
461 3653 552 3719 omni
574 3651 674 3738 vitio,
690 3651 746 3744 qui
764 3651 798 3718 in
818 3646 956 3716 alterum
977 3661 1110 3741 paratus
1132 3661 1181 3715 est
1203 3644 1255 3714 di-

198 3757 327 3825 cere:is
343 3755 477 3826 demum
493 3755 672 3840 maledicit,
690 3757 747 3849 qui
765 3779 832 3824 non
847 3767 955 3850 potest
967 3777 1084 3822 verum
1099 3751 1141 3821 ab
1153 3751 1256 3821 altero

197 3859 322 3930 audire.
343 3861 407 3930 Sed
428 3875 466 3930 tu
486 3864 633 3932 omnium
657 3885 845 3931 mensarum
870 3858 1008 3946 assecla,
1031 3859 1177 3927 omnium
1200 3881 1257 3927 cu·

197 3963 383 4035 biculorum
401 3969 435 4036 in
453 3983 548 4038 atate
568 3966 691 4063 pellex,
708 3981 742 4036 et
759 3967 844 4036 idem
860 3981 973 4063 postea
991 3963 1136 4052 adulter,
1151 3965 1257 4035 omnis

197 4071 320 4142 ordinis
338 4073 508 4168 turpitudo
530 4099 565 4144 es
575 4127 585 4165 ,
604 4089 638 4144 et
657 4073 760 4144 civilis
778 4071 854 4144 belli
871 4073 1036 4143 memoria.
1061 4069 1151 4161 Quid
1167 4073 1254 4142 enim
