2938 4654
567 409 587 477 J
596 411 866 479 UGURTHA.
1171 415 1244 510 247

187 541 245 610 tha
262 541 387 624 luerat,
401 554 434 610 et
449 540 543 629 inde,
557 541 696 611 uadibus
715 528 829 630 datis³,
843 540 928 612 clam
946 541 1098 612 Massiva
1113 541 1155 613 dc
1167 567 1249 614 nece

183 647 343 741 judicium
364 648 508 743 fugerat,
531 648 620 743 quod
638 651 668 717 ei
689 673 749 744 per
766 673 956 742 maxumam
975 651 1152 720 amicitiam
1173 675 1248 721 ma·

185 779 284 824 xuma
305 757 401 851 copia
422 753 555 824 fallendi
575 771 664 844 erat,
688 754 799 826 multis
820 755 1109 852 pollicitationibus
1128 781 1248 854 aggre-

187 861 282 930 ditur.
306 864 355 932 Ac
373 864 481 957 primo
501 861 625 950 efficit,
640 865 688 932 uti
706 863 749 932 ad
770 887 805 934 sc
829 862 1037 959 colloquendi
1062 865 1167 959 gratia
1188 891 1248 935 oc-

187 966 293 1037 cultus
317 973 455 1038 veniat:
478 969 555 1038 dein
579 969 643 1038 fide
666 969 764 1058 data,
792 973 818 1039 si
836 971 1035 1066 iugurtham
1056 973 1171 1040 vivum
1191 985 1250 1042 aut

186 1089 338 1145 necatum
364 1076 569 1164 tradidisset,
584 1076 671 1166 fore,
692 1092 730 1146 ut
747 1076 793 1145 illi
814 1092 945 1148 senatus
967 1079 1199 1173 impunitatem
1216 1092 1251 1147 et

186 1203 244 1249 sua
264 1171 393 1251 omnial
412 1183 625 1272 concederet,
644 1183 739 1254 facile
760 1185 913 1254 Numidae
934 1184 1127 1280 persuadet,
1145 1209 1248 1279 quum

186 1287 316 1382 ingenio
344 1290 466 1378 infido,
486 1305 557 1359 tum
583 1293 744 1361 metuenti
768 1317 830 1382 ne,
851 1294 877 1362 si
904 1315 969 1387 pax
991 1315 1068 1362 cum
1090 1293 1249 1364 Romanis

186 1393 294 1482 fieret,
315 1397 385 1491 ipse
407 1423 468 1492 per
488 1398 692 1468 conditiones
711 1397 753 1467 ad
772 1397 969 1494 supplicium
991 1397 1185 1467 traderetur.

238 1505 346 1571 LXII.
361 1506 411 1589 Is,
423 1503 480 1571 ubi
492 1505 637 1598 primum
650 1520 892 1601 opportunum,
903 1510 921 1576 J
924 1505 1102 1600 ugurtham
1114 1507 1248 1573 anxium

186 1631 223 1678 ac
241 1611 452 1678 miserantem
476 1609 625 1682 fortunas
645 1636 719 1682 suas
738 1613 865 1682 accedit
880 1638 886 1680 :
903 1626 1018 1682 monet
1033 1625 1131 1706 atque
1146 1609 1250 1681 lacru-

185 1739 278 1785 mans
295 1717 494 1804 ohtestatur,
507 1718 555 1786 uti
569 1716 745 1813 aliquando
761 1720 822 1788 sibi
837 1719 1013 1814 liberisque
1026 1733 1059 1788 et
1073 1719 1163 1812 genti
1177 1719 1248 1787 Nu·
1320 1772 1322 1776 .

184 1821 366 1911 midamm,
392 1839 528 1918 optume
551 1827 696 1914 meritae,
721 1825 921 1920 provideat:
944 1826 1098 1895 omnibus
1130 1822 1250 1920 praeliis

185 1953 253 1998 sese
275 1932 401 2018 victos,
415 1955 531 2026 agrum
552 1946 736 2019 vastatum,
751 1931 873 2000 multos
891 1931 1047 2000 mortales
1063 1945 1178 2025 captos
1193 1945 1251 1998 aut

185 2037 330 2124 occisos,
351 2039 444 2132 regni
467 2061 547 2132 opes
568 2039 786 2106 comminutas
805 2061 876 2107 esse
896 2063 903 2105 :
927 2039 1005 2106 satis
1025 2061 1111 2130 saepe
1129 2038 1198 2131 jam
1216 2051 1249 2104 et

184 2144 340 2212 virtutem
367 2142 529 2231 militum,
550 2158 583 2210 et
603 2143 770 2212 fortunam
803 2158 988 2212 tentatam:
1010 2157 1164 2227 caveret,
1185 2167 1247 2230 ne,

183 2246 237 2318 illo
260 2249 468 2338 cunctante¹,
486 2249 639 2320 Numidae
656 2250 717 2319 sibi
731 2248 913 2319 consulant.
933 2249 993 2318 His
1012 2263 1110 2342 atque
1128 2246 1248 2318 talibus
1289 2231 1298 2254 ’

184 2355 252 2424 aliis
274 2355 317 2424 ad
339 2355 538 2426 deditionem
558 2358 643 2451 regis
665 2359 812 2426 animum
834 2354 980 2451 impellit.
1002 2357 1184 2424 Mittuntur
1205 2355 1248 2423 ad

184 2462 416 2556 imperatorem
442 2462 558 2559 legati,
587 2464 786 2558 iugurtham
815 2465 976 2558 imperata
1004 2462 1190 2548 facturum,
1208 2485 1247 2530 ac

184 2569 252 2638 sine
274 2566 341 2638 ulla
363 2572 515 2665 pactione
543 2594 613 2640 sese
635 2593 840 2666 regnumque
871 2595 967 2638 suum
986 2569 1021 2637 in
1039 2567 1124 2637 illius
1148 2567 1248 2636 fidem

184 2675 322 2744 tradere.
349 2676 503 2746 Metellus
528 2702 670 2773 propere
696 2691 834 2746 cunctos
862 2677 1017 2745 senatorii
1040 2672 1183 2744 ordinis²
1208 2699 1249 2742 ex

185 2781 329 2852 hibernis
348 2785 496 2854 arcessiri
514 2784 630 2878 jubet:
646 2809 761 2853 eorum
784 2798 881 2877 atque
901 2781 1059 2871 aliorum,
1077 2807 1160 2876 quos
1178 2781 1247 2851 ido·

185 2913 263 2960 neos
289 2889 449 2978 ducebat,
468 2890 641 2960 consilium
663 2891 772 2960 habet
795 2893 848 2959 Ita
877 2914 970 2959 more
996 2889 1180 2982 majorum,
1208 2913 1248 2957 ex

224 3103 250 3158 3.
266 3104 376 3157 Vada'bus
387 3105 458 3158 datu.
472 3104 600 3171 Quamvis
614 3102 694 3159 vades
738 3105 846 3157 ducebat.
865 3105 974 3158 Constat
996 3123 1028 3158 ex
1048 3103 1165 3169 Caesare,
1181 3103 1247 3155 Bell.

185 3179 305 3238 dedisset.
321 3183 393 3238 Vide
403 3205 462 3258 sup.
479 3185 592 3238 XXXV.
737 3185 807 3238 Gall.
835 3203 867 3252 v,
894 3186 945 3249 28,
967 3184 1116 3256 primorum
1142 3199 1249 3254 quoque
1277 3244 1281 3252 ,

224 3271 250 3329 4.
266 3265 318 3318 Sua
332 3270 419 3319 omnia.
434 3267 613 3336 Quaecumque
623 3265 693 3318 bone
736 3263 863 3318 ordinum
879 3265 1046 3318 centuriones
1065 3261 1098 3316 ad
1118 3259 1247 3334 ejusmodi

185 3343 330 3415 possideret
344 3345 491 3410 Bomilcar,
508 3347 580 3398 hunc
595 3364 625 3398 ea
638 3363 693 3398 eer-
736 3344 875 3398 eonsilium
895 3343 983 3396 vocari
1001 3343 1092 3396 solitos
1111 3343 1248 3394 luisse.-

130 3477 137 3486 ,
184 3435 305 3477 uturum
326 3425 475 3497 pollicetur.
495 3455 531 3470 -·
551 3425 692 3478 Persuadet.
737 3423 864 3477 Arcessiri.
879 3423 976 3488 Vetus,
993 3441 1044 3493 pro
1064 3425 1157 3473 amasi.
1173 3421 1249 3492 Ejus·

186 3501 288 3558 Scilicet
300 3518 329 3558 ut
345 3506 395 3558 sihi
408 3503 492 3558 tradat
505 3505 672 3577 Iugurtham.
736 3501 813 3568 dem,
827 3519 882 3574 quo
893 3505 1012 3565 umusiri,
1033 3503 1137 3573 conjug.
1155 3511 1194 3552 est
1208 3519 1249 3550 an·

132 3613 139 3624 ·
223 3585 289 3638 Cn.
315 3586 401 3640 LXII.
433 3605 457 3639 1.
484 3586 533 3640 illo
560 3595 692 3638 cameram.
737 3587 820 3636 cesalai
833 3595 860 3636 et
876 3586 1020 3634 amantum.
1040 3582 1144 3635 Arcesso
1159 3591 1247 3632 autem

185 3661 230 3715 1110
243 3663 695 3738 adJugurthamrefer,quasiesset
736 3665 831 3716 melius
852 3681 931 3735 Qum
952 3681 1057 3724 accersa,
1080 3658 1152 3733 quod
1175 3657 1246 3715 idem

186 3745 242 3812 ipso.
737 3756 789 3810 est,
801 3743 881 3797 scribi
891 3742 970 3796 docet
979 3743 1088 3796 Vossius
1097 3742 1185 3812 Etym.
1197 3741 1248 3793 De·

226 3844 251 3877 a.
268 3825 373 3878 Cametas
392 3829 507 3878 senatorii
527 3825 625 3878 ordina.
642 3825 694 3878 Eos
737 3821 845 3878 ducitur
856 3824 928 3878 euim
943 3825 976 3877 ab
991 3827 1082 3885 uncio,
1098 3839 1148 3894 pro
1163 3821 1247 3872 acl-cia

186 3902 282 3958 scilicet
295 3905 342 3978 qui
358 3906 387 3959 iu
401 3905 517 3960 exercitu
534 3916 622 3972 erant,
640 3905 695 3959 sive
738 3900 885 3973 (advoco),
905 3905 992 3959 litters
1011 3905 1031 3957 d
1047 3905 1075 3957 in
1095 3923 1110 3954 r
1130 3911 1246 3966 mutata,

184 3981 274 4054 legati,
296 3987 351 4038 sive
368 3999 520 4056 questum,
541 3986 596 4039 sire
615 3986 694 4038 etiam
737 3986 802 4038 utin
811 4005 911 4040 annena
921 4003 971 4058 pro
979 3984 1082 4038 adana
1088 4021 1095 4046 ,
1109 3993 1246 4034 anunente

186 4063 285 4119 nitunt
310 4065 435 4120 militum.
449 4097 489 4112 -
508 4066 576 4138 Quos
600 4065 696 4120 tum
737 4066 952 4138 prend-coeatur,
967 4061 1038 4137 apud
1048 4063 1220 4118 priscianum.

993 4159 1061 4244 16⁴
