2950 4648
280 380 356 466 urs
668 381 948 450 stnuus'ru

333 504 401 593 Qui
429 501 783 598 praetergrediebantur
810 506 936 600 equites
958 504 1163 598 cataphracti
1175 502 1211 591 ²¹,
1239 503 1344 574 ferrea

280 613 372 680 omni
392 612 509 704 specie.
528 609 632 678 Idem.

334 718 448 806 Quum
470 719 616 803 interim,
638 715 761 786 lumine
780 719 879 802 etiam
901 733 972 786 tum
995 717 1147 804 incerto,
1167 717 1242 788 dua
1260 716 1344 786 Gal·

281 823 332 892 liae
354 822 523 912 mulieres,
541 839 743 902 conventum
762 826 904 898 vitantes
925 823 968 892 ad
985 838 1153 893 menstrua
1170 823 1343 902 solvenda,

279 945 427 1000 montem
443 928 667 999 ascendunt²².
681 930 786 1001 Idem.
1361 941 1365 952 ’

333 1021 561 1132 Pluteosque²³
583 1037 740 1109 rescindit
757 1061 797 1106 ae
816 1039 1017 1108 munitiones
1037 1036 1233 1122 demolitur,
1254 1035 1343 1105 loco·

279 1170 344 1239 que
365 1169 494 1214 summo
514 1146 657 1238 potitur:
672 1143 790 1230 Idem,
813 1146 982 1213 Demoliri
998 1160 1053 1212 est
1067 1144 1209 1212 diruere.

333 1253 522 1322 Exercitum
548 1249 670 1321 dimisit
679 1237 715 1339 ²⁴,
729 1265 772 1319 ut
797 1251 940 1345 primum
962 1251 1062 1346 Alpes
1087 1250 1258 1346 degressus
1283 1263 1341 1317 est.

279 1352 492 1426 Arusianru.
1321 1435 1334 1456 .

331 1464 529 1534 Tetrarchus
559 1488 719 1558 regesque
740 1465 873 1532 territos
894 1465 994 1532 animi
1014 1463 1167 1533 firmavit.
1189 1461 1293 1534 Idem.

330 1569 437 1640 Simul
466 1555 565 1656 eos²⁵,
587 1584 621 1638 et
649 1584 787 1639 cunctos
806 1570 874 1662 jam
901 1569 1076 1639 inclinatos
1099 1570 1232 1640 laxitate
1259 1568 1342 1652 loci,

279 1678 389 1772 plures
404 1676 573 1760 cohortes,
593 1690 691 1770 atque
712 1701 846 1764 omnes,
869 1677 958 1744 utin
982 1676 1197 1764 secundare,
1220 1679 1342 1771 pariter

278 1809 355 1854 acre
376 1782 545 1854 invadunt.
565 1785 709 1854 Nonus.
775 1848 776 1856 ,

322 1987 366 2022 ιι.
387 1969 488 2040 Equites
504 1969 660 2040 cataphracti.
681 1967 720 2019 Ex
741 1987 788 2019 ssu-
831 1979 902 2020 runt.
915 1969 981 2034 Quae
992 1987 1034 2021 res
1048 1970 1110 2040 ipsis
1122 1968 1247 2020 Romanis
1258 1987 1341 2039 prope

277 2049 437 2120 ταφράσσω,
461 2049 561 2100 ιιιιιιιίο.
585 2048 694 2119 Equites
717 2049 787 2099 ferro
831 2048 912 2100 vertit
924 2049 952 2101 in
966 2048 1187 2120 perniciem;uisi
1202 2047 1275 2118 quod
1288 2049 1340 2100 cito

279 2128 455 2200 undequaque
464 2128 561 2180 muniti
571 2140 598 2181 et
608 2127 710 2199 operti,
722 2146 788 2198 quos
830 2125 974 2181 adveniens
990 2129 1097 2181 Crassus
1116 2126 1273 2200 gladiatores
1290 2146 1341 2179 ma-

279 2221 407 2262 memorat
427 2208 583 2261 Plutarchus
605 2209 631 2258 in
656 2208 789 2271 Lucullo,
832 2209 901 2262 xima
917 2207 990 2261 clade
1004 2209 1099 2262 allecit.
1114 2207 1209 2260 -Ad
1222 2220 1340 2260 menstrua

279 2289 422 2342 exercitum
430 2288 552 2358 Tigranis
559 2285 788 2340 describensllm·
831 2289 950 2340 solvenda.
961 2289 1095 2341 Plutarch.
1103 2286 1137 2340 de
1148 2299 1340 2339 menstruosum

279 2370 392 2432 mianus,
407 2385 466 2434 xvi,
479 2386 528 2432 ιο,
541 2367 662 2420 similiter
675 2379 788 2419 armatos
832 2369 969 2440 iutelligit,
983 2367 1060 2439 quod·
1071 2369 1112 2428 hae
1128 2367 1227 2438 gallicas
1248 2367 1340 2420 mulie·

278 2448 399 2520 depingit
415 2465 421 2499 :
440 2473 451 2493 ι
469 2447 610 2519 sparsique
627 2447 788 2518 cataphracti
831 2467 873 2501 res
882 2468 932 2520 pro
946 2449 999 2500 suis
1010 2443 1020 2508 (
1027 2467 1087 2500 nam
1100 2447 1176 2499 multi
1187 2446 1258 2500 Galli
1268 2459 1340 2500 erant

279 2530 395 2600 equites,
409 2545 475 2599 quos
493 2527 650 2579 clibanarios
666 2525 789 2578 dictitant
831 2527 901 2581 inter
910 2524 1030 2590 rebelles)
1038 2529 1176 2580 faciebant.
1185 2525 1216 2578 Id
1226 2527 1339 2598 probant

279 2610 379 2673 Persae,
398 2607 536 2660 thoracum
551 2606 647 2658 muniti
668 2607 788 2676 tegmini·
831 2608 953 2678 Lipsius;
973 2609 1064 2660 Douza
1084 2603 1174 2678 (apud
1191 2605 1338 2672 ὤπτα),

278 2689 345 2753 bus,
366 2699 393 2740 et
416 2686 504 2738 limbis
525 2685 616 2738 terreis
640 2685 738 2750 cincti,
758 2698 788 2738 ut
831 2688 950 2741 Turneb.
969 2707 1019 2752 xv,
1041 2706 1074 2753 ις
1091 2700 1117 2739 et
1138 2687 1256 2740 Curtius.
1280 2687 1339 2738 Nou

277 2767 414 2820 Praxitelis
428 2783 509 2817 manu
523 2766 605 2836 polita
619 2763 739 2818 crederes
751 2767 787 2818 si·
830 2768 927 2838 probat
944 2769 984 2819 De
1002 2767 1126 2828 Brosses,·
1144 2766 1191 2837 qui
1209 2767 1339 2837 ignorasse

279 2847 412 2910 mulacra,
426 2864 480 2898 uon
496 2845 586 2898 viros:
603 2845 789 2915 quoslamina·
830 2835 1002 2900 Plutarcbum
1037 2848 1209 2919 suspicatur,
1242 2847 1339 2918 gallicis

278 2946 339 2980 rum
365 2925 458 2978 circuli
477 2937 589 2990 tenues,
613 2925 667 2995 apti
691 2944 787 2996 corpo·
830 2927 984 2980 mulieribus
1007 2946 1107 2980 morem
1126 2927 1206 2980 fuisse
1224 2945 1339 2979 couren-

277 3007 371 3070 ribus,
399 3005 510 3057 flexibus
540 3005 714 3069 ambiebant,
739 3023 787 3076 per
832 3019 888 3059 tum
917 3007 1057 3066 hominum
1084 3003 1206 3070 vitandi,
1237 3007 1340 3077 quoties

279 3086 368 3140 omnia
387 3085 505 3138 membra
527 3082 652 3150 deducti3
673 3097 703 3138 ut
720 3103 786 3156 quo·
830 3099 949 3139 menstruo
971 3087 1053 3140 morbo
1076 3087 1248 3150 laborarent;
1269 3083 1338 3158 quotl

278 3185 390 3238 cumque
414 3179 485 3218 artus
511 3165 649 3218 necessitas
669 3182 787 3218 commo·
829 3167 938 3238 proprie
948 3165 1297 3231 dicitur,menstruasols·ere‚
1310 3177 1338 3218 ut

279 3248 371 3312 visset,
381 3245 491 3298 vestitus
500 3258 658 3316 congrueret
663 3247 787 3316 junctura
830 3259 902 3318 patet
917 3266 949 3300 ex
964 3248 1016 3300 boc
1028 3247 1143 3300 Lucretii
1159 3263 1208 3298 vs:

277 3328 440 3380 cohaerenter
455 3338 550 3396 aptatu.
570 3353 581 3372 ι
830 3329 1338 3384 Temporeeosioslomasst‚quomrum-andria

320 3427 365 3460 aa.
383 3407 463 3476 Quum
483 3409 615 3459 interim...
634 3405 669 3456 ad
685 3417 786 3456 rnontens
872 3407 1082 3478 supinusque.
1099 3403 1339 3476 Depluteis,qui·

278 3488 415 3540 ascendunt.
425 3487 521 3538 Narrat
531 3485 665 3538 Plutarch.
673 3485 702 3538 in
713 3485 787 3538 Cres·
829 3485 879 3538 bus
901 3487 1014 3557 protecti
1034 3483 1203 3548 obsidentes,
1219 3484 1339 3554 sagittis,

275 3588 321 3632 so,
341 3579 519 3639 pugnaturum
540 3563 665 3618 adversus
687 3563 785 3636 gladia·
829 3565 885 3618 sive
892 3563 981 3619 fundis
988 3565 1029 3618 vel
1038 3564 1180 3640 missilibus
1188 3561 1339 3617 defensores

276 3660 347 3699 tores
361 3646 482 3699 Crassum
494 3664 538 3697 sex
551 3645 691 3696 hominum
703 3645 785 3696 millia
829 3641 864 3697 de
884 3646 1089 3717 propugnaculis
1115 3643 1230 3697 civitatis
1251 3657 1340 3698 eatur·

276 3727 451 3799 premisisse‚
472 3725 519 3795 qui
536 3722 675 3776 editiorem
697 3724 785 3778 locum
829 3725 911 3791 bant,
927 3723 989 3778 vide
1002 3726 1094 3797 Veget.
1107 3743 1151 3788 ιι,
1163 3724 1207 3776 15.

275 3803 785 3878 occupareutzsedeorumagmencon·
872 3811 917 3868 ²4·
939 3806 1079 3858 Exercitum
1101 3803 1198 3856 dimisit.
1218 3803 1339 3856 Metellus

274 3899 395 3958 spectum
419 3885 498 3938 luisse
523 3903 536 3936 a
563 3882 665 3936 duabus
692 3883 784 3937 Gallie
828 3885 862 3936 ab
884 3884 1011 3957 Hispania
1032 3881 1145 3938 rediens.
1166 3883 1207 3937 De
1222 3883 1336 3943 Brusses,

275 3964 318 4028 (id
330 3979 383 4032 est,
394 3985 425 4018 ex
438 3961 539 4029 Gallia)
549 3963 783 4034 mulieribus,quse
830 3983 872 4030 ιι,
884 3965 930 4018 63.

274 4045 361 4098 bostes
381 4043 414 4098 de
430 4045 527 4116 paratis
548 4043 651 4096 insidiis
672 4062 782 4096 monue-
872 4046 915 4097 25.
933 4045 1012 4097 Simul
1022 4064 1074 4104 eos,
1092 4057 1141 4096 etc.
1158 4044 1247 4098 Locus
1261 4043 1339 4115 plane
