2938 4654
563 368 855 438 JUGURTHA.
1171 367 1240 440 231

183 488 295 565 locat:
320 522 360 568 ac
386 523 493 594 pauca
514 525 576 596 pro
602 515 752 598 tempore
778 500 898 572 milites
926 500 1098 591 hortatus,
1120 504 1248 594 aciem,

185 601 281 672 sicuti
291 605 508 696 instruxerat,
516 610 715 679 transvorsis
727 609 952 705 principiis,in
961 608 1096 705 planum
1106 608 1247 680 deducit.

237 711 275 778 L.
295 713 360 782 Sed
377 713 436 782 uhi
454 716 616 788 Numidas
633 717 783 811 quietos,
796 741 904 811 neque
923 715 1007 788 colle
1021 715 1157 812 degredi
1178 719 1247 786 ani·

186 814 384 908 madvortit3
401 823 528 894 veritus
555 849 596 894 ex
617 825 696 894 anni
717 837 868 920 tempore
888 838 923 894 et
943 825 1055 920 inopia
1072 849 1185 920 aquae,
1207 849 1250 896 ne

186 922 239 989 siti
259 926 482 1000 conficeretur
499 932 677 1018 exercitus,
690 928 869 1000 Rutilium¹
885 929 1030 1026 legatum
1052 943 1129 1001 cutn
1148 956 1251 1026 expe·

186 1027 261 1100 ditis
288 1033 481 1107 cohortibus
502 1052 537 1106 et
554 1051 648 1133 parte
677 1039 826 1134 equiturn
853 1039 1011 1133 praemisit
1037 1039 1079 1108 ad
1106 1037 1251 1128 flumen,

187 1136 233 1202 uti
255 1137 367 1213 locum
385 1144 500 1212 castris
518 1159 750 1240 antecaperet:
764 1145 980 1236 existumans,
997 1145 1111 1216 hostes
1131 1145 1250 1218 crebro

187 1239 313 1340 impetu
331 1262 364 1318 et
383 1254 583 1322 transvorsis
602 1249 736 1347 praeliis²
755 1254 818 1330 iter
839 1277 936 1322 suum
954 1267 1195 1340 remoraturos,
1217 1267 1252 1322 ct

186 1355 343 1448 quoniam
364 1358 464 1426 armis
486 1357 691 1448 diffiderent,
705 1357 930 1434 lassitudinem
952 1373 986 1428 et
1004 1361 1092 1428 sitim
1109 1358 1250 1432 militum

186 1468 379 1532 tentaturos.
405 1465 493 1534 Dein
518 1465 588 1563 ipse
616 1492 678 1562 pro
705 1491 741 1538 re
767 1481 867 1564 atque
893 1465 986 1556 loco,
1014 1467 1110 1538 sicuti
1137 1480 1250 1536 monte

12 1549 14 1588 ⁵
82 1647 90 1668 .
187 1559 422 1659 descenderat,
440 1570 611 1666 paullatim
637 1572 842 1669 procedere:
862 1575 1008 1655 Marium
1030 1587 1107 1669 post
1127 1575 1250 1669 princi·

78 1674 83 1693 '
187 1672 241 1764 pia
265 1673 390 1746 habere
405 1661 417 1700 ³
433 1681 530 1774 :ipse
555 1706 632 1750 cum
660 1682 799 1752 sinistrae
817 1678 876 1750 alre
899 1680 1063 1776 equitibus
1085 1705 1176 1766 esse,
1194 1682 1251 1776 qui

187 1777 219 1846 in
246 1782 378 1875 agmine
402 1776 595 1882 principes⁴
614 1787 693 1860 facti
719 1803 823 1861 eraut.
846 1788 1093 1884 arrogantia,
1114 1788 1174 1858 ubi
1194 1813 1249 1858 ex·

187 1959 231 2014 tile
252 1961 389 2034 ingrueret
410 1967 498 2020 statim
521 1969 656 2035 converti,
670 1981 697 2022 et
740 1970 804 2020 bare
822 1963 1095 2035 videretur;(Senec.
1117 1965 1151 2020 de
1170 1969 1249 2026 Prov.

188 2059 242 2093 uno
254 2057 331 2096 motu
342 2046 371 2097 in
385 2048 482 2118 justam
493 2049 576 2100 aciem
591 2049 696 2116 instrui,
741 2065 776 2100 m
788 2045 807 2110 l.
827 2048 853 2100 Is
869 2049 1005 2118 Mitylenis
1027 2061 1095 2112 erat,
1110 2047 1251 2102 crudelita-

188 2123 697 2198 mnflnmt,looojamdioto‚l³01yhiua
740 2141 846 2198 temque
866 2125 1045 2192 Mithridatis,
1066 2127 1164 2180 vestitu
1189 2147 1253 2198 grn-

188 2199 324 2272 ipsissimis
338 2208 438 2272 verbis,
449 2197 560 2262 haurdins
572 2208 698 2279 apronia·
740 2223 772 2260 co
788 2204 909 2269 indutus,
924 2205 1031 2271 fefellit,
1047 2225 1130 2278 quum
1149 2207 1194 2260 ille
1209 2221 1252 2262 to·

189 2299 218 2348 τῃ
231 2291 316 2338 τιτῶν
331 2281 432 2353 δεινῶν,
443 2289 505 2341 ποτὶ
519 2290 563 2360 pls
577 2285 643 2359 παρ’
654 2289 698 2342 do·
739 2297 812 2357 gatos
832 2303 939 2352 omnes,
954 2305 1009 2340 uno
1023 2285 1084 2350 dte.
1101 2299 1155 2340 tota
1175 2289 1252 2357 Asia,

188 2356 253 2414 aida
263 2365 400 2428 κλίναντις,
414 2368 476 2420 ποτὲ
490 2364 571 2422 cl'lol
584 2363 651 2438 clepo.
663 2368 699 2422 Et
739 2360 906 2432 interleeiu(
918 2366 974 2420 Cic.
989 2385 1039 2438 pro
1051 2366 1117 2420 llub.
1128 2367 1199 2422 Post.
1208 2367 1251 2435 x).

188 2443 267 2512 petalo
289 2445 422 2500 inferius:
444 2449 535 2502 Mitris
561 2451 584 2504 lv
611 2446 699 2519 ὅραχιῖ
783 2466 809 2500 a.
837 2447 989 2500 Transeat-sis
1007 2447 1108 2518 preliis.
1132 2449 1253 2518 Agmiuis

189 2525 265 2596 χρόνῳ
284 2526 327 2579 καὶ
346 2531 392 2598 μιᾷ
411 2527 520 2594 astrion,
539 2533 567 2582 τὸ
586 2529 630 2599 μὶν
648 2535 696 2582 τῶν
740 2525 887 2582 ineedeutis
902 2527 970 2580 latus
977 2538 1154 2583 transversum
1161 2547 1252 2600 aggre-

189 2606 294 2660 ὁπλιτῶν
314 2606 432 2678 σύστημα
445 2605 568 2678 aaudiat
580 2609 698 2680 παρατά-
740 2604 856 2672 diendo,
870 2607 906 2659 ita
920 2619 1007 2660 tamen
1019 2619 1050 2660 nt
1060 2626 1122 2660 cum
1134 2609 1196 2664 totis
1205 2629 1251 2664 co-

188 2683 246 2749 ξιως
259 2681 378 2740 dritten.
739 2686 791 2758 piis
806 2687 834 2742 iu
850 2687 933 2740 aciem
945 2705 1000 2740 uon
1015 2685 1184 2742 descendant.

229 2767 294 2819 Car.
306 2767 338 2819 L.
356 2785 380 2820 r.
396 2767 521 2822 Rutilium.
537 2769 566 2822 P.
584 2769 699 2823 Rutilius
783 2768 809 2822 3.
825 2767 933 2822 Marium
948 2780 1005 2838 post
1018 2771 1138 2839 principia
1156 2770 1250 2824 ludere.

188 2845 287 2908 Rostra,
305 2847 390 2900 Mucii
397 2847 519 2902 Scaevolae
526 2849 699 2919 jurisconsul·
741 2847 893 2900 Verisimile
904 2860 943 2900 est
954 2851 1086 2920 principio,
1099 2849 1144 2906 laic
1159 2862 1189 2902 ut
1204 2852 1252 2904 ali·

190 2925 225 2992 ti,
241 2939 265 2980 et
282 2927 391 2980 Panaetii
406 2928 481 2982 stoici
501 2927 658 3000 discipulus,
670 2930 699 2982 in
741 2927 785 2994 bi,
804 2946 858 2981 esse
881 2929 964 2982 acient
989 2928 1151 2985 hastatorum
1177 2949 1252 3004 quaa,

189 3019 316 3078 corrupto
335 3009 432 3062 seculo
455 3009 497 3062 vir
516 3009 700 3062 innocentissi·
742 3007 1253 3080 quemvishostilatusobrerterettrans·

190 3105 248 3142 mus
271 3087 330 3143 tuit.
349 3089 389 3142 De
402 3091 458 3160 ejus
478 3087 600 3144 laudibus
617 3089 701 3144 multa
741 3089 838 3142 versiru
856 3087 995 3154 incedens,
1013 3109 1068 3144 non
1084 3087 1145 3142 ideo
1164 3092 1253 3146 urinam

191 3166 301 3233 Cicero,
314 3168 341 3220 in
355 3169 428 3224 Brut.
439 3189 504 3234 xxx,
519 3182 545 3222 et
557 3167 591 3222 de
603 3181 700 3236 orata,
742 3169 829 3240 prima
843 3170 926 3235 acies,
938 3169 1057 3224 simulac
1069 3169 1185 3224 frontem
1196 3190 1254 3226 ven

194 3247 239 3301 53.
251 3247 343 3312 Quum
354 3262 469 3319 questor
480 3249 508 3301 in
523 3250 584 3302 Asia
594 3251 703 3320 provin·
743 3259 798 3312 tere
818 3250 972 3325 juberetur,
991 3249 1081 3302 futura
1103 3261 1176 3316 eret3
1195 3252 1253 3306 Ma·

190 3326 268 3380 ciales
282 3327 404 3382 homines
417 3349 431 3380 a
444 3330 649 3401 publicanorum
662 3330 702 3383 in·
743 3329 814 3390 rium
830 3329 910 3400 igitur
926 3329 996 3382 inter
1010 3327 1125 3382 butatos
1139 3340 1167 3384 et
1181 3331 1255 3402 prin·

191 3407 266 3476 juniis
280 3405 454 3475 defendisset,
469 3411 527 3480 ipse
541 3407 701 3482 repetunda·
743 3409 831 3478 cipes,
844 3409 873 3460 in
883 3405 972 3462 medio
985 3407 1040 3462 lere
1052 3408 1169 3462 exercitu
1181 3410 1254 3463 ince-

191 3505 253 3540 rum
275 3500 410 3542 accusatus
433 3487 625 3561 damnatusque
653 3503 700 3546 est.
743 3485 821 3553 dere,
836 3485 900 3540 dum
910 3487 1055 3559 imperator
1063 3489 1119 3558 ipse
1132 3487 1255 3543 Metellus

193 3566 300 3639 Quippe
314 3579 476 3624 accusatores
493 3570 572 3624 simul
591 3582 617 3622 et
630 3569 702 3642 judi·
745 3568 795 3620 toti
810 3567 909 3640 agmini
927 3567 1041 3638 prorum.
1064 3567 1132 3620 Sunt
1150 3579 1255 3635 tamen,

194 3663 235 3700 occ
256 3647 352 3702 habuit
375 3650 476 3722 equites
499 3668 639 3714 romanos,
656 3651 702 3721 qui
730 3645 1155 3720 ·quiprr'ncirr'ah.l.intelligent,
1172 3649 1197 3700 la
1210 3657 1256 3704 rete

193 3727 704 3802 uectigaliainprovinciisdlomaejudi·
745 3727 914 3783 artabanes.

193 3805 233 3860 cia
241 3808 406 3864 exercebant.
419 3811 533 3867 Rutilius
545 3810 606 3864 exul
614 3808 704 3883 Smyr·
787 3816 814 3874 4.
828 3809 859 3863 In
875 3812 969 3878 agroue
978 3809 1108 3880 pristinas.
1125 3808 1176 3863 llic
1183 3813 1256 3880 pru·

194 3903 234 3940 un
246 3887 377 3960 reliquam
394 3901 496 3944 etatem
515 3891 581 3962 egit,
595 3908 702 3946 revoca-
744 3893 871 3961 chonon
878 3889 995 3959 intellige
1004 3886 1034 3942 id
1044 3888 1158 3942 militum
1164 3907 1257 3961 genus,

195 3977 318 4043 tuaqueu
336 3969 409 4042 Sylla
429 3969 518 4024 redire
538 3971 638 4039 noluit,
653 3989 702 4038 ue,
746 3969 790 4023 cni
810 3970 862 4024 hoc
882 3987 980 4026 nornen
995 3979 1066 4036 erat,
1078 3967 1125 4024 sed
1145 3989 1190 4024 eos
1209 3971 1256 4043 qui

194 4064 251 4118 que
267 4059 326 4107 urm
338 4050 440 4109 nefaria
452 4051 566 4121 tom,
579 4069 702 4124 eompro-
744 4050 827 4122 primi
839 4048 1005 4134 incedebant.
1155 4103 1156 4106 ,

1028 4134 1098 4219 15⁴
