2942 4662
271 315 342 389 512
502 315 652 383 JULII
678 311 1078 382 EXSUPERANTII

320 451 379 520 VI.
396 448 501 540 Hujus
519 461 593 516 acta
606 446 686 514 dum
701 459 842 516 conatur
858 444 1003 540 Lepidus
1019 447 1053 513 in
1069 469 1129 514 suo
1150 446 1328 517 consulatu

267 555 472 641 subvertere,
484 569 599 623 contra
611 551 770 646 collegam
785 549 940 621 Catulum
953 549 1047 620 civile
1061 548 1210 646 praelium
1226 556 1327 647 gessit

268 676 302 730 et
318 662 425 728 victus
443 673 500 728 est.
523 661 611 728 Nam
630 661 836 752 congregatis
859 659 916 744 iis,
933 659 967 724 in
987 681 1127 750 quorum
1148 661 1326 751 possessio·

266 791 325 834 nes
336 789 440 835 novos
452 763 587 834 colonos
600 764 641 833 de
656 765 721 834 suis
736 762 890 832 militibus
904 761 991 856 sylla
1002 765 1109 832 victor
1122 764 1273 851 immisit,
1284 789 1324 834 ac

268 871 328 940 sibi
337 871 519 963 conjunctis
530 870 639 940 liberis
650 872 924 965 proscriptorum,
935 870 1100 963 ingentem
1109 873 1325 964 congregavit

268 979 448 1046 exercitum
472 975 672 1071 pollicendo,
689 979 715 1046 si
727 977 897 1062 vicissent,
916 999 950 1044 sc
972 975 1059 1044 bona
1074 977 1179 1070 patria
1198 977 1325 1044 restitu-

267 1097 387 1151 turum.
405 1081 496 1152 Plebi
514 1107 645 1178 quoque
658 1135 668 1169 ,
681 1081 792 1152 multis
804 1081 994 1150 muneribus
1010 1079 1140 1176 publice
1154 1082 1323 1174 privatim·

267 1213 331 1282 que
340 1187 595 1282 largit1s¹,canrs
605 1189 839 1275 videbatur,ac
848 1186 988 1283 publicae
997 1186 1155 1256 libertatis
1165 1185 1322 1256 adsertor.

268 1294 333 1364 Sed
346 1297 379 1363 in
391 1297 531 1365 Etruria
545 1292 671 1365 littore²
687 1296 861 1364 commisso
876 1293 1003 1389 praelio,
1018 1306 1163 1386 coeperat
1177 1292 1322 1386 Lepidus

268 1426 338 1471 esse
354 1403 518 1496 superior,
528 1427 587 1495 per
598 1415 757 1470 annatam
772 1399 1014 1470 multitudinem
1025 1420 1109 1491 quar,
1121 1395 1197 1466 odio
1211 1421 1323 1466 rerum

267 1505 492 1600 Syllanarum,
508 1531 542 1576 se
560 1507 676 1602 Lepidi
694 1508 842 1603 partibus
861 1502 1048 1599 applicaret.
1070 1503 1135 1572 sed
1148 1505 1323 1598 Pompeius

267 1612 308 1680 de
326 1609 434 1681 Galba
455 1611 601 1700 rediens,
623 1639 690 1682 non
711 1637 825 1709 passus
846 1625 896 1680 cst
918 1609 1034 1704 Lepidi
1055 1609 1226 1679 audaciam
1246 1633 1323 1678 cum

267 1706 406 1834 publicis
423 1667 652 1788 detrimentis
643 1743 777 1814 impune
795 1717 959 1786 bacchari.
974 1717 1063 1786 Nam
1081 1715 1282 1810 lugientes
1254 1739 1323 1808 eJus

268 1823 378 1916 copias
398 1846 436 1892 ac
458 1847 492 1892 se
515 1823 718 1945 implicantes
746 1822 952 1892 festinatione
971 1819 1194 1908 formidinis,
1185 1835 1230 1888 tta
1247 1845 1324 1914 pro

268 1929 404 2017 stravit,
423 1948 460 1997 ut
478 1931 602 2022 majore
624 1953 762 1997 numero
778 1930 926 2022 privatus
947 1929 982 1994 in
1001 1926 1186 1995 Sardiniam
1204 1925 1324 1994 confir-

268 2049 376 2128 geret3
394 2050 433 2103 ut
443 2034 607 2128 impedito
625 2048 812 2104 commeatu
829 2031 989 2152 populum
1007 2055 1182 2100 romanum
1205 2031 1325 2125 fatiga-

269 2155 320 2208 ret
335 2141 461 2234 inopia,
484 2164 523 2208 ac
541 2164 615 2210 suas
636 2142 721 2208 vires
740 2141 838 2209 armis
859 2139 1024 2244 copiisque
1042 2152 1077 2206 et
1093 2138 1183 2206 omni
1200 2137 1325 2205 instru-

269 2261 380 2316 mento
406 2245 564 2315 reficeret.
583 2247 690 2339 Atque
713 2245 758 2314 ibi
782 2246 949 2314 contrario
969 2227 1206 2339 propraetore3,
1227 2243 1327 2310 variis

270 2351 388 2445 praeliis
412 2351 631 2446 gravibusque
653 2351 807 2420 conflixit
830 2354 916 2422 Nam
944 2348 1165 2420 sollertissime
1186 2348 1326 2418 tutando

271 2458 489 2576 provinciam,
503 2456 613 2526 effecit
632 2472 669 2525 ut
690 2456 806 2551 tepidi
824 2455 958 2526 consilia
977 2479 1063 2524 vana
1084 2456 1202 2525 forent.
1221 2453 1326 2523 Undi-

270 2587 334 2657 que
354 2565 440 2632 enim
459 2563 664 2698 prohibitus,
682 2577 716 2631 et
733 2562 969 2632 munitionibus
985 2585 1006 2630 a
1023 2562 1205 2630 civitatium
1225 2585 1326 2654 expu-

271 2671 424 2762 gnatione
444 2655 636 2761 depulsus⁴,
656 2669 804 2762 nequivit
825 2671 967 2770 cogitata
987 2667 1156 2761 perficere.
1175 2668 1224 2734 Ac
1247 2665 1326 2735 dum

270 2771 374 2841 multa
390 2783 503 2866 parat,
521 2773 639 2841 morbo
662 2777 753 2868 gravi
775 2799 951 2869 oppressus
969 2787 1002 2842 et
1022 2787 1173 2842 mortuus
1194 2763 1254 2841 est

313 2961 377 3014 Car.
393 2961 443 3016 VI.
465 2960 605 3014 nputttce
592 2981 660 3032 pr
657 2966 778 3034 vatemque
821 2985 865 3016 cuo
850 2967 941 3016 ntrurio
957 2959 992 3026 (i.
1005 2982 1028 3016 e.
1040 2961 1165 3028 adverso)
1171 2975 1326 3034 pmproetore.

273 3041 375 3109 largitis.
388 3039 431 3092 Sic
443 3051 540 3092 noster.
549 3040 660 3112 Jamque
672 3041 778 3096 Cortius
821 3041 892 3095 Vide
915 3063 948 3096 an
972 3041 1115 3114 legendum
1138 3042 1255 3114 potius,
1277 3062 1327 3096 cren

274 3138 329 3172 non
344 3121 490 3190 conjecerat
505 3117 601 3186 modo,
619 3119 665 3172 sed
684 3121 777 3174 rescri-
824 3123 921 3176 Triario
931 3135 1087 3193 proproetore.

274 3213 361 3269 pserat
374 3201 480 3270 largitis,
493 3218 544 3271 pro
555 3199 719 3253 nominativo
731 3201 779 3252 lar·
861 3209 888 3266 4.
896 3201 935 3253 Et
942 3201 1109 3254 munitionibus
1120 3221 1135 3251 a
1147 3203 1278 3253 eiciuntur
1285 3219 1326 3251 et·

274 3283 349 3351 gilas,
362 3280 408 3350 qui
420 3291 479 3331 ante
487 3297 548 3354 eum
556 3279 718 3333 scribebatur
731 3293 779 3333 est·
818 3284 966 3350 pergratiam
976 3280 1095 3352 depulsus.
1106 3279 1149 3333 sic
1160 3292 1265 3347 noster,
1276 3279 1327 3332 cla·

275 3377 325 3430 que
340 3360 419 3412 etiam
434 3357 462 3411 in
475 3357 777 3430 Haverc.1pseSallust.
820 3359 924 3412 rissimo
950 3378 1051 3426 sensu;
1075 3377 1125 3432 pro
1148 3359 1280 3430 vulgato,
1305 3372 1327 3410 et

275 3435 779 3510 Fragmp.348,pnssivedixit:dilan
821 3439 988 3490 munitionibus
1010 3459 1039 3490 ac
1058 3441 1179 3492 civitam
1203 3457 1326 3509 erpttgn·

275 3521 334 3586 gitis
343 3521 527 3588 proscriptorum
542 3518 617 3570 bonis.
822 3521 885 3570 tione
899 3519 1031 3589 depulsus,
1048 3517 1120 3590 quod
1138 3518 1254 3590 probum
1268 3535 1327 3570 sen·

318 3617 343 3650 s.
367 3595 418 3650 Sed
430 3600 456 3647 in
475 3597 582 3648 Etrurioe
602 3597 689 3648 littore.
708 3595 776 3649 Har.
821 3615 879 3650 sum
893 3617 947 3650 non
959 3597 1062 3651 efficere
1075 3599 1129 3670 jam
1145 3593 1246 3649 viderat
1260 3595 1326 3649 Cor·

276 3677 307 3729 ln
325 3677 412 3728 Etrun'
426 3675 516 3731 littore.
536 3673 608 3744 quod
629 3675 707 3727 etiam
720 3694 779 3727 nos·
820 3676 882 3729 tius.
903 3677 1040 3729 Civitatt'um
1062 3675 1146 3741 dixit,
1170 3676 1281 3746 antiquo
1301 3688 1327 3728 ct

278 3767 331 3820 ter,
355 3750 471 3808 evidenti
485 3771 584 3806 errore.
598 3753 614 3804 J
616 3771 658 3805 am
673 3755 778 3806 Curtius
820 3753 976 3808 sallustiano
986 3774 1072 3822 more,
1081 3774 1131 3828 pro
1140 3758 1261 3808 civitatum
1272 3749 1284 3815 (
1291 3755 1327 3806 vi·

276 3833 424 3904 rescripsit,
439 3835 556 3886 Etruria.
821 3832 855 3887 de
867 3835 944 3888 Catil.
961 3835 1023 3900 XL,
1035 3855 1062 3888 n.
1077 3843 1093 3898 4
1109 3830 1128 3899 ).
1140 3865 1180 3878 -—
1195 3833 1325 3906 Oppressus

317 3913 343 3964 3.
353 3911 480 3966 Contrario
488 3922 642 3983 propraetore.
653 3909 696 3964 Sic
706 3911 777 3983 vulg,
820 3925 845 3965 et
865 3926 968 3966 mortuus
994 3927 1038 3966 att.
1062 3913 1104 3970 sio
1126 3925 1224 3968 notter.
1245 3911 1324 3982 Vult.

276 3988 344 4045 Item
355 4003 452 4047 noster.
472 3991 578 4088 Corpus
591 3989 714 4062 conjicit,
726 4011 778 4045 cun
821 4013 851 4046 ac
864 4005 967 4048 mortuus
980 4005 1023 4046 est.
