2916 4630
553 352 827 436 sammua.
1172 353 1222 449 69

149 483 302 556 tumultu
330 479 459 554 facilior
481 481 588 554 aditus
612 483 656 553 ad
679 482 853 557 consulem.
872 495 1084 580 ceterosque,
1103 486 1222 580 quihus

154 593 282 678 insidiae
307 589 533 686 parabantur,
558 589 680 678 fieret;
705 591 872 685 Cethegus
896 592 1065 660 Ciceronis
1086 593 1223 686 januam

158 698 349 786 obsideret,
370 721 446 765 eum
468 699 501 765 vi
524 697 780 793 aggrederetur,
800 697 881 770 alius
901 712 1012 768 autem
1031 696 1148 788 alium,
1167 699 1225 768 sed

157 803 217 874 filii
235 802 437 874 familiarum
445 801 471 892 ⁹,
481 828 622 898 quorum
642 829 682 872 ex
700 803 868 874 nobilitate
887 827 1042 874 maxuma
1058 829 1153 900 pars,
1166 829 1224 901 pa·

161 925 274 979 rentes
292 909 530 999 interficerent,
542 908 656 999 simul,
667 911 755 980 coede
768 925 802 980 et
818 910 970 980 incendio
983 910 1142 1006 perctdsis
1154 937 1224 982 om·

161 1015 279 1103 nibus,
290 1016 331 1084 ad
342 1015 516 1088 Catilinam
527 1031 747 1112 erumperent
767 1020 859 1086 Inter
877 1017 948 1089 haec
968 1017 1115 1112 parata¹⁰
1126 1033 1225 1114 atque

164 1121 298 1210 decreta
309 1124 476 1218 Cethegus
488 1148 617 1220 semper
628 1123 828 1218 querebatur
843 1123 884 1192 de
894 1125 1024 1218 ignavia
1036 1127 1202 1197 sociorum
1216 1151 1224 1194 :

162 1225 237 1296 illos
257 1227 436 1298 dubitando
461 1245 495 1300 et
519 1231 587 1300 dies
614 1229 810 1326 prolatando
823 1229 845 1254 ¹¹
866 1253 1002 1324 magnas
1030 1233 1224 1325 opportuni·

163 1346 245 1404 tates
270 1359 505 1431 corrumpere,
528 1337 634 1425 sacto,
655 1362 724 1406 non
749 1335 916 1426 consulto,
939 1339 974 1405 in
995 1335 1053 1406 tali
1078 1335 1225 1431 periculo

161 1465 243 1534 opus
265 1465 357 1528 esse;
369 1467 485 1537 seque,
504 1444 530 1512 si
550 1446 647 1538 pauci
666 1443 876 1537 adjuvarent,
888 1443 1118 1538 languentibus
1138 1441 1224 1531 aliis,

162 1548 323 1642 impetum
348 1549 382 1614 in
406 1551 531 1618 curiam
555 1551 729 1626 facturum.
749 1553 878 1624 Natura
901 1551 1011 1638 ferox,
1030 1550 1225 1644 uehemens,

160 1677 260 1722 manu
279 1667 448 1748 promtus,
463 1679 654 1726 rnaxumum
668 1657 794 1726 bonum
814 1659 848 1726 in
868 1656 1032 1726 celeritate
1050 1657 1197 1752 putabat.

210 1761 336 1830 XLIV.
361 1759 425 1830 Sed
441 1758 635 1856 Allobroges
653 1786 693 1830 ex
709 1778 874 1857 praecepto
892 1766 1062 1832 Ciceronis
1078 1787 1138 1858 per
1157 1767 1224 1833 Ga·
1244 1793 1246 1800 ’

160 1865 286 1934 binium
306 1880 433 1936 eeteros
451 1870 676 1937 conveniunt:
697 1867 740 1936 ab
760 1867 919 1955 Lentulo,
939 1869 1105 1963 Cethego,
1126 1871 1224 1938 Stati·

160 1968 222 2060 lio,
239 1974 317 2040 item
344 1974 459 2042 Cassio
483 1973 654 2067 postulant
676 1974 924 2068 jusjurandum,
943 1973 1033 2066 quod
1059 1976 1224 2068 signatum

163 2076 207 2145 ad
225 2079 304 2147 civis
321 2078 514 2174 perferant:
540 2079 633 2150 aliter
655 2080 746 2150 haud
767 2078 862 2149 facile
881 2103 937 2147 eos
957 2079 1147 2148 adtentum
1166 2105 1223 2148 ne-

161 2184 288 2277 gotium
307 2183 429 2280 impelli
451 2211 557 2280 posse.
571 2188 681 2258 Ceteri
699 2184 780 2257 nihil
800 2187 1003 2280 suspicantes
1015 2182 1131 2272 dant¹3
1143 2187 1222 2254 Cas·

203 2416 230 2466 9.
245 2398 270 2451 F
269 2399 308 2450 ilii
310 2400 469 2467 familiarum.
480 2399 524 2454 Sic
534 2401 588 2453 sere
600 2399 670 2454 Galli
715 2401 739 2450 in
751 2418 836 2468 ogram
846 2397 1000 2454 Faesulanum
1011 2416 1081 2469 quum
1092 2400 1222 2449 cenasse...

164 2475 288 2544 dicimus,
297 2479 339 2530 des
343 2477 388 2548 fils
398 2479 537 2546 defamille.
552 2477 604 2532 Sed
613 2479 671 2550 plu·
713 2479 818 2550 Ergone
835 2477 900 2530 tanti
918 2477 1043 2549 temporis
1063 2477 1113 2529 iter
1128 2477 1179 2529 fnit
1193 2476 1222 2528 in

164 2556 210 2608 nti
221 2575 333 2610 numero
344 2577 406 2612 usus
416 2571 455 2611 est
464 2558 613 2624 Sallustius,
622 2577 670 2612 nos
713 2557 866 2611 Etruriaml
882 2557 994 2610 Minime
1009 2553 1134 2627 quidem
1145 2568 1173 2608 et
1186 2555 1222 2607 ob

162 2654 264 2706 semper
276 2637 415 2708 singulari,
426 2637 528 2691 etiamsi
541 2636 575 2692 de
586 2637 671 2710 pluri·
713 2635 742 2690 id
762 2638 851 2710 ipsum
872 2637 1025 2709 simpliciter
1049 2633 1134 2702 dixit,
1151 2653 1223 2709 quum

163 2715 211 2768 bns
222 2717 328 2770 familiis
341 2730 439 2788 agatur.
454 2716 506 2770 Sed
520 2737 574 2788 quo
588 2736 672 2790 grain
712 2721 892 2780 missenum
902 2720 983 2770 statim
994 2718 1140 2768 utvem'sset.
1154 2715 1223 2768 Nam

164 2795 263 2849 metisse
279 2815 370 2868 nugae,
386 2797 456 2850 inter
469 2810 570 2852 tantam
582 2816 671 2852 rerum
714 2797 814 2868 aliquot
833 2797 934 2851 absurm
960 2795 1016 2849 dies
1035 2814 1140 2850 necesse
1157 2795 1222 2862 luit,

163 2875 351 2932 atrocitatem?
714 2875 779 2929 dum
798 2878 925 2931 Lentulus
946 2874 1030 2929 socios
1048 2888 1073 2932 et
1091 2874 1224 2947 adjutores

205 2973 250 3008 ro.
266 2957 370 3008 Parata.
385 2954 473 3010 Gladii
485 2957 568 3022 enim,
579 2969 669 3029 stupa,
714 2957 764 3010 sihi
775 2957 865 3010 Romae
877 2967 1056 3028 compararet,
1067 2955 1160 3027 etipse
1172 2955 1223 3007 Ca·

165 3035 290 3106 sulphur,
301 3047 439 3108 ceteraque
447 3049 504 3090 tum
515 3033 548 3089 ad
558 3034 671 3102 caedem,
713 3037 789 3089 tilina
801 3075 810 3102 ,
825 3038 894 3092 vires
914 3033 1033 3106 undique
1054 3031 1202 3106 colligendo
1214 3070 1223 3098 ,

166 3126 220 3166 tnm
237 3113 272 3168 ed
291 3113 444 3170 incendium
462 3127 625 3188 opportuna,
643 3116 671 3169 in
714 3115 860 3170 Faesulanus
879 3115 967 3188 copias
988 3115 1016 3166 in
1033 3115 1146 3185 speciem
1161 3113 1225 3185 justi

165 3193 271 3266 Cethegi
277 3193 386 3248 domum
393 3195 671 3267 comportatafuerant.
714 3197 844 3250 exercitus
859 3207 972 3268 augeret.
988 3194 1068 3262 atqui
1089 3193 1166 3246 tertio
1181 3191 1225 3245 die

166 3274 198 3325 V.
214 3273 346 3327 Plutarch.
363 3275 380 3328 l.
396 3294 419 3328 c.
715 3273 876 3340 decembris,
897 3273 1022 3344 vigesimo
1045 3285 1139 3343 quarto
1166 3283 1226 3342 post

205 3371 250 3406 ιι.
270 3355 331 3407 Dies
337 3353 493 3425 prolatando.
506 3353 590 3408 Roma
602 3355 673 3406 enim
715 3353 856 3406 discessum
877 3352 1016 3415 Catilinae,
1038 3369 1161 3422 oppressa
1187 3361 1227 3404 est

164 3433 295 3503 profectus
304 3447 360 3487 erat
367 3433 479 3488 Catilina
490 3453 562 3486 nono
570 3432 615 3487 die
624 3453 672 3486 no-
715 3432 880 3504 conjuratio,
900 3429 1109 3501 deprehensique
1134 3429 1226 3499 conju·

165 3511 673 3585 vembris‚diemqueincendendnurbi
715 3512 774 3566 reti.
801 3513 908 3565 Frustra
931 3510 1012 3580 igitur
1035 3509 1092 3562 vult
1120 3507 1226 3562 Curtius

165 3589 320 3646 definierant
335 3611 393 3646 aru
414 3589 567 3646 decembris.
581 3593 674 3664 Itaque
716 3591 797 3644 alium
819 3590 890 3644 diem
910 3587 989 3642 caedis
1008 3586 1084 3650 initio
1099 3587 1226 3642 eonstitu-

167 3669 271 3741 Cethego
285 3675 383 3726 nimiam
399 3673 426 3724 id
439 3673 535 3742 longum
543 3671 637 3734 uideri,
650 3683 675 3723 et
717 3683 774 3725 turn
786 3672 880 3737 luisse,
892 3667 988 3723 deinde
1004 3687 1087 3740 usqne
1099 3665 1133 3720 ad
1145 3678 1228 3719 satur-

166 3749 225 3802 hanc
235 3755 259 3802 ei
267 3772 320 3805 cum
327 3753 674 3819 ceteriseontroaersiamsuhse
716 3751 786 3804 nalia
797 3748 924 3816 dilatum
934 3769 1018 3822 quum
1029 3749 1100 3802 hunc
1111 3758 1228 3801 satuma·

165 3829 201 3882 ait
218 3831 310 3886 Cicero
329 3833 359 3886 in
379 3831 456 3885 Catil.
476 3849 529 3897 111,
543 3837 570 3894 4.
588 3833 674 3902 Atque
716 3830 783 3882 lium
804 3827 891 3896 diem,
904 3833 957 3902 jem
977 3841 1036 3882 ante
1056 3827 1162 3882 initium
1182 3823 1228 3878 de·

163 3909 242 3962 etiem
257 3913 340 3983 queri
355 3901 454 3982 possit,
470 3909 604 3981 quomodo
621 3923 674 3963 tam
718 3910 845 3977 umbris,
855 3908 1020 3982 designatum
1029 3905 1107 3960 luime
1118 3917 1227 3960 constet

164 3987 239 4060 longa
250 4009 326 4046 mora
337 4009 400 4046 cum
410 3987 453 4043 his
464 4003 604 4062 congruat,
616 4009 675 4062 quse
759 3990 823 4043 Car.
838 3989 937 4042 mv.
959 4006 983 4040 r.
1004 3986 1084 4040 Ceteri
1102 3987 1164 4040 nihil
1176 4005 1229 4038 sur·

165 4071 240 4136 panto
256 4091 338 4145 snpra
359 4067 428 4124 dixit
444 4083 552 4124 noster:
568 4069 676 4123 Catilina
714 4073 822 4140 picaretes
849 4069 916 4120 daret.
938 4065 1037 4144 Confer
1058 4065 1229 4130 Ciceronem,

1000 4158 1040 4244 53
