2916 4630
558 367 822 440 CATILINA.
955 434 959 441 .
983 419 988 428 -
1179 371 1229 448 35

157 499 339 572 februarias
351 497 376 538 ¹⁹
394 498 565 570 consilium
587 501 685 572 cedis
705 502 951 574 transtulerant.
971 509 1045 575 Jam
1067 522 1138 578 tum
1160 535 1230 580 non

158 605 347 678 consulibus
379 607 500 696 modo,
528 607 586 677 sed
616 607 781 704 plerisque
811 612 1018 682 senatoribus
1049 617 1230 710 perniciem

158 715 445 786 machinabantur.
464 714 566 803 Quod
583 714 657 784 ni·²⁰
676 716 820 786 Catilina
841 734 1038 790 maturasset
1056 745 1119 818 pro
1141 726 1234 793 curia

159 824 286 917 signum
309 823 407 891 sociis
426 821 526 910 dare,
548 847 589 892 eo
609 822 663 894 die
691 821 800 918 post²¹
821 826 989 896 conditam
1017 830 1136 899 urbem
1164 834 1236 901 Ro-'

159 953 248 998 mam
274 953 467 1023 pessumum
495 929 623 998 facinus
647 945 815 1025 patratum
842 933 937 1003 foret.
967 937 1056 1026 Quia
1084 938 1234 1008 nondum

161 1035 347 1129 frequentes
359 1037 478 1105 armati
494 1053 735 1126 convenerant,
747 1062 786 1106 ea
800 1063 852 1109 res
862 1037 886 1064 ²²
902 1041 1074 1112 consilium
1090 1043 1232 1114 diremit.

215 1143 307 1211 xlx.
336 1146 455 1213 Postea
482 1145 559 1214 Piso
583 1146 618 1213 in
645 1147 833 1215 citeriorem
864 1149 1058 1243 Hispaniam
1089 1167 1234 1244 quaestor

162 1273 225 1343 pro
244 1248 403 1344 praetore¹
421 1251 539 1320 missus
555 1265 623 1336 est;
642 1252 813 1322 adnitente
825 1255 965 1342 crasso,
985 1257 1166 1349 quodcum
1184 1261 1234 1327 in·

162 1355 281 1426 festum
304 1359 367 1426 Cu.
389 1355 570 1452 Pompeio²
590 1375 803 1454 cognoverat.
825 1361 943 1455 Neque
965 1377 1077 1431 tamen
1100 1380 1233 1436 senatus

160 1464 367 1557 provinciam
394 1465 517 1534 invitus
539 1465 698 1553 dederat;
725 1469 849 1562 quippe
872 1468 999 1538 foedum
1023 1469 1191 1540 hominem
1214 1495 1235 1540 a

161 1568 330 1666 republica
359 1570 475 1665 procul
500 1597 572 1640 esse
600 1570 756 1662 volebat3
780 1573 897 1664 simul,
923 1577 1000 1670 quia
1028 1576 1106 1646 boni
1134 1603 1234 1672 quam

162 1662 290 1772 plures³
311 1677 500 1772 praesidium
516 1680 550 1747 in
571 1703 612 1747 eo
631 1667 837 1774 putabant⁴:
857 1681 973 1775 etjam
992 1698 1064 1753 tum
1086 1688 1235 1779 potentia

162 1785 223 1853 Cn.
245 1785 397 1879 Pompeii
415 1783 632 1856 formidolosa
650 1801 731 1856 erat.
750 1787 815 1858 Sed
842 1789 869 1857 is
890 1789 985 1878 Piso,
1008 1791 1041 1858 in
1063 1793 1236 1887 provincia

162 1891 204 1960 ab
226 1891 392 1986 equitibus
411 1891 576 1987 hispanis,
594 1917 677 1986 quos
696 1896 730 1962 in
749 1897 895 1964 exercitu
912 1895 1087 1986 ductabat,
1105 1902 1168 1968 iter
1187 1899 1235 1967 fa-

163 2000 252 2068 ciens
273 2000 402 2068 occisus
424 2013 483 2070 est.
505 2001 590 2070 Sunt
617 2001 674 2094 qui
697 2002 742 2069 ita
769 2001 908 2090 dicant,
929 2004 1069 2097 imperia
1091 2007 1161 2098 ejus
1185 2008 1236 2075 in-

163 2196 416 2266 eedmdaunato,
429 2219 484 2255 non
493 2198 592 2268 adluit,
605 2197 677 2254 ideo·
722 2211 767 2252 aut
787 2200 880 2253 consul
902 2199 1002 2252 fuisset.
1026 2187 1186 2275 Quanquam
1208 2203 1237 2258 id

163 2279 440 2354 queCaesarsignum‚
452 2279 525 2354 quod
535 2282 607 2333 abeo
618 2279 675 2332 dari
721 2275 863 2350 aliquando
881 2279 980 2332 lactum
1001 2299 1056 2334 esse
1076 2282 1166 2336 videre
1182 2297 1237 2350 est,

163 2373 337 2426 convenerat,
347 2377 404 2414 non
418 2359 502 2415 dedit.
518 2359 676 2426 Suetonius,
721 2379 805 2431 quum
818 2359 875 2412 aliis
884 2360 1024 2431 exemplis,
1033 2372 1089 2413 tum
1100 2362 1128 2415 in
1137 2363 1175 2415 tt.
1188 2365 1238 2417 Ca·

163 2442 192 2494 in
207 2443 326 2503 Caesare,
338 2459 376 2494 u.
721 2440 854 2511 tone,qui
866 2434 948 2502 (teste
958 2441 1079 2507 Velleio,
1091 2460 1130 2508 ιι,
1143 2441 1198 2508 45)
1208 2444 1236 2497 in

206 2541 253 2592 ¹9·
264 2521 504 2590 Nouasfebmarias.
521 2522 592 2576 Anni
609 2521 675 2591 689.
720 2521 842 2593 Cyprum
863 2532 968 2592 quoestor
984 2541 1036 2573 cum
1050 2524 1108 2592 jare
1119 2527 1237 2594 praetorio

204 2621 250 2655 ao.
268 2602 392 2671 Quadri,
408 2614 457 2654 etc.
470 2601 551 2666 Quod
567 2602 588 2654 si
604 2602 677 2655 Cati·
720 2601 814 2653 missus
831 2611 878 2653 est.

163 2681 215 2734 liaa
242 2683 321 2736 citius
349 2701 404 2734 noo
431 2679 546 2734 dedisset
572 2682 677 2754 signum
763 2699 789 2734 a.
808 2681 854 2734 Ca.
865 2682 989 2752 Pompeio.
1003 2680 1180 2737 adnitebatur
1192 2683 1237 2738 da·

163 2774 223 2815 ante
235 2763 344 2816 curiam.
355 2763 477 2814 -curia
489 2779 553 2814 vero
569 2774 608 2813 est
619 2780 677 2814 om·
720 2759 818 2832 batque
832 2780 941 2834 operam
956 2761 1082 2828 Crassus,
1096 2777 1126 2818 ut
1139 2765 1236 2838 Hispa·

164 2843 288 2896 nisloeus
296 2841 676 2914 quosenatuswnvocabatur:
720 2839 793 2894 niam
806 2841 987 2912 provinciam,
1004 2841 1120 2916 ideoque
1136 2847 1236 2899 exerci-

162 2923 232 2976 Nam
247 2940 335 2994 operae
352 2923 468 2994 pretium
485 2933 525 2974 est
539 2921 606 2974 scire
621 2941 676 2973 nou
721 2933 793 2984 tum,
808 2922 917 2974 baberet
934 2921 1010 2988 Piso;
1023 2942 1120 2996 nempe
1133 2939 1164 2978 ut
1179 2929 1235 2998 ejus

163 3003 192 3056 id
207 3003 289 3056 moris
309 3003 402 3067 fuisse,
418 3015 446 3054 ut
462 3019 566 3072 semper
581 2997 675 3054 iisdem
720 3021 775 3072 opes
789 3014 872 3052 contra
885 3002 996 3073 Pompeii
1005 3009 1138 3074 potentiam
1149 3027 1238 3058 ansce-

163 3085 192 3136 in
206 3083 272 3136 locis
284 3083 429 3136 baberetur
442 3094 555 3136 scamus.
721 3093 784 3141 rent,
796 3080 1021 3152 quemadmodum
1037 3085 1065 3137 iu
1077 3083 1131 3139 fine
1142 3087 1237 3160 capitis

205 3179 245 3216 ιι.
262 3165 332 3216 Post.
347 3163 462 3227 Gallice,
477 3161 616 3232 depica-
628 3161 677 3214 Ur·
720 3161 801 3214 XVII
816 3159 917 3214 dictum
935 3175 982 3216 est.

164 3243 214 3296 bem
228 3245 337 3296 Romam
353 3243 428 3298 Cort.
442 3259 576 3303 romanum,
587 3243 676 3296 inutili
764 3241 790 3294 3.
807 3241 873 3294 Boni
884 3262 954 3313 qraam
966 3243 1056 3312 plures.
1066 3245 1155 3316 Vulgo
1171 3265 1236 3298 com·

164 3324 320 3378 mutatione.
717 3321 811 3391 plures,
822 3320 915 3374 eodem
925 3339 1012 3375 sensu.
1025 3326 1105 3394 Atqui
1113 3326 1237 3378 observat

207 3424 250 3458 aa.
266 3405 309 3456 Ea
321 3423 366 3456 res.
381 3399 486 3455 Scilicet
500 3420 544 3454 eos
556 3399 677 3454 nondum
722 3399 829 3454 Curtius
839 3401 866 3452 in
879 3401 1000 3472 pluribus
1014 3401 1089 3454 MSS.
1101 3422 1237 3476 essequam

164 3485 315 3556 frequentes
329 3482 492 3536 convenisse.
508 3507 543 3515 -
556 3483 675 3540 Diremit,
717 3480 813 3551 plures,
832 3494 859 3534 et
875 3481 928 3532 hoc
946 3481 1043 3551 probat
1064 3482 1144 3536 latine
1163 3481 1235 3554 diei,

164 3561 299 3628 dissolvit,
314 3563 421 3616 irritum
437 3561 508 3615 lecit.
720 3579 803 3632 quum
810 3561 1070 3634 aliisexemplis,tum
1078 3562 1128 3616 boc
1136 3563 1233 3630 Plauti,

204 3645 352 3699 cimxlx.
364 3661 386 3696 1.
397 3644 676 3712 Qaaestcrpruproetore.
721 3639 803 3694 Stich.
819 3659 844 3708 r,
867 3641 897 3706 3,
913 3660 938 3693 v.
961 3647 997 3705 44
1014 3661 1020 3694 :
1039 3641 1113 3696 «Sed
1136 3643 1235 3696 curiosi

163 3721 197 3777 Id
208 3739 262 3792 est,
272 3744 355 3797 quum
368 3735 436 3776 esset
447 3735 574 3794 quamue,
589 3736 678 3774 tamen
721 3733 862 3792 suntqaum
870 3723 953 3792 plures
963 3723 1036 3776 mali.
1047 3749 1059 3770 ι
1071 3723 1148 3776 Putat
1156 3725 1236 3777 etiam

163 3823 226 3858 cam
240 3805 366 3877 praetoria
379 3815 510 3876 potestate
525 3813 593 3854 cetra
611 3803 678 3854 ordi·
722 3817 754 3853 ex
763 3801 815 3853 hoc
824 3803 969 3872 profectam
979 3821 1034 3856 esse
1043 3805 1175 3875 vulgatam
1187 3805 1242 3858 lor·

163 3903 216 3937 aem
222 3883 438 3939 missusest.Vid.
447 3883 518 3936 Suet.
529 3884 557 3935 in
565 3881 631 3937 Caes.
641 3901 677 3934 rx.
722 3899 794 3934 mam
803 3883 945 3953 complures,
955 3901 1013 3954 quse
1024 3895 1111 3936 tamen
1124 3885 1181 3937 aliis
1190 3904 1238 3938 na·

163 3965 285 4019 Diximus
304 3978 374 4018 extra
392 3963 514 4026 arduum
533 3983 588 4016 non
607 3963 679 4014 enim
722 3973 750 4014 ta
764 3959 851 4014 videri
866 3965 950 4033 possit
965 3981 997 4016 ex
1011 3983 1063 4014 cum
1077 3976 1104 4015 et
1115 3966 1207 4032 plures.

162 4063 220 4100 mos
230 4047 297 4110 tuit,
307 4058 337 4099 ut
346 4046 407 4116 quis
420 4057 465 4098 aut
476 4057 624 4116 propretor
635 4054 681 4096 aut
766 4049 793 4106 4.
807 4041 951 4094 Presidium
966 4046 990 4094 ia
1001 4063 1029 4094 eo
1036 4044 1165 4114 putabant.
1175 4047 1228 4100 Scit

162 4123 681 4232 proconsplpriiufieret,quaru·prset0r
725 4119 849 4177 adversus
857 4121 1057 4176 lonnidolusam
1065 4124 1186 4198 Pompeii
1193 4146 1237 4199 po·

1014 4205 1048 4276 5.
