2942 4662
551 337 893 409 OPUSCULUM.
1176 339 1250 414 513

239 473 316 544 VII.
339 469 443 565 Cujus
455 471 609 540 socius-et
622 471 815 542 administer
832 475 1022 568 Perpenna,
1034 472 1078 542 ob
1094 473 1251 546 delictum

184 581 268 650 tanti
296 579 450 648 facinoris
471 577 669 673 supplicium
690 581 830 668 timens,
850 606 891 650 ex
910 580 1059 650 Sardinia
1077 582 1110 649 in
1132 585 1251 678 Hispa·

183 688 274 756 niam
295 699 501 755 transvectus
527 701 596 771 est,
624 710 662 754 ac
686 711 719 754 se
748 688 895 756 Sertorio
919 689 1074 776 sociavit,
1095 691 1151 782 qui
1180 704 1252 759 tum

183 794 330 862 romanis
352 794 451 861 armis
478 793 859 888 quassabatimperium.
887 795 975 864 Nam
1006 793 1060 864 hie
1087 797 1252 868 Sertorius

183 899 227 970 de
242 901 339 968 Marii
357 898 506 994 partibus
526 899 594 968 fuit
612 901 716 988 Nam,
731 901 892 970 Norbano
910 915 945 970 et
958 903 1113 996 Scipione
1131 927 1251 974 consu·

183 1004 286 1092 libus,
300 1031 403 1100 quum
416 1031 457 1076 ex
470 1008 545 1076 Asia
561 1004 648 1101 Sylla
663 1021 780 1075 contra
799 1009 943 1076 Marium
958 1023 1057 1102 atque
1074 1008 1253 1080 factionem

182 1115 311 1182 veniret
332 1113 491 1200 infestus,
515 1115 633 1211 timens
662 1129 793 1184 senatus
816 1115 917 1200 iram,
942 1139 985 1182 ne
1012 1114 1099 1183 rnalo
1118 1117 1252 1216 publico

182 1221 364 1290 certamina
379 1222 464 1289 inter
482 1219 582 1290 duces
601 1221 785 1310 orirentur,
803 1223 934 1309 statuit,
945 1235 983 1290 ut
998 1237 1153 1292 curarent
1171 1249 1251 1294 eou-

182 1325 288 1414 sules,
308 1352 351 1396 ne
377 1325 562 1422 respublica
583 1329 748 1423 acciperet
772 1327 1015 1398 detrimentum.
1045 1331 1119 1399 Hoc
1141 1331 1253 1426 itaque

181 1447 315 1503 senatus
327 1473 340 1485 ·
352 1432 505 1504 consulto
543 1436 676 1504 excitati
712 1433 887 1523 consules,
920 1450 1037 1506 contra
1063 1437 1252 1508 venientem

182 1539 304 1634 Syllam
325 1554 423 1636 atque
445 1541 599 1612 omnihus
620 1543 755 1610 exitium
774 1543 1004 1629 minitantem,
1022 1542 1173 1638 praesidia
1192 1545 1252 1614 sibi

181 1647 342 1740 cujusque
361 1649 489 1742 generis
509 1671 627 1743 parare
649 1663 842 1743 coeperunt,
865 1663 899 1718 et
920 1649 1021 1720 duces
1045 1649 1181 1720 idoneos
1209 1651 1252 1720 ad

180 1777 325 1846 quorum
352 1753 547 1824 industriam
579 1757 758 1849 pertineret
785 1781 866 1826 cura
894 1754 1081 1844 bellorum,
1106 1759 1140 1826 in
1159 1760 1251 1852 queis

180 1857 310 1954 elegere
321 1862 515 1930 Sertorium.
531 1863 651 1930 Parato
665 1860 864 1932 validissimo
883 1865 1027 1932 exercitu
1044 1889 1251 1958 processere;

179 1979 216 2033 et
235 1981 366 2035 vetante
388 1968 553 2050 Sertorio,
572 1967 736 2062 colloquia
758 1968 909 2039 consules
926 1973 1148 2064 permiserunt
1165 1973 1252 2040 inter

180 2095 279 2141 suum
298 2087 331 2142 et
348 2071 444 2166 Syllae
463 2076 706 2160 exercitum,et
727 2073 813 2144 faeta
836 2075 980 2170 proditio
998 2091 1066 2158 est,
1078 2077 1250 2170 omnisque

179 2180 343 2248 exercitus
363 2178 460 2274 Syllae
481 2180 631 2250 traditur.
655 2182 749 2250 Tunc
773 2183 939 2250 Sertorius
956 2182 1152 2267 destitutus,
1179 2209 1251 2252 om-

178 2287 280 2378 nique
302 2287 483 2380 ropiarum
501 2286 644 2356 nudatus
673 2285 814 2375 auxilio,
836 2289 870 2355 in
885 2290 1053 2359 Etruriam
1077 2289 1251 2384 confugit,

178 2391 264 2460 iram
281 2407 432 2462 metuens
444 2391 557 2487 Syllae,
568 2418 610 2461 ue
624 2395 771 2488 exigeret
785 2397 1026 2489 gravemquasi
1042 2395 1083 2464 de
1093 2412 1250 2490 superato

177 2496 293 2567 hoste¹
309 2498 499 2568 vindictam.
523 2503 604 2568 Erat
617 2515 728 2568 autem
746 2499 898 2569 Etruria²
921 2500 1078 2570 fidissima
1100 2502 1250 2596 partibus

177 2605 358 2692 Marianis,
375 2610 432 2700 qui
453 2607 495 2674 ab
514 2607 592 2700 ipsis
611 2631 803 2693 romanam,
824 2631 924 2701 quarn
942 2624 1043 2676 antea
1057 2634 1125 2678 non
1142 2609 1248 2680 habe-

175 2707 285 2799 hant,
304 2727 500 2807 acceperant
521 2715 697 2782 civitatem.
724 2715 891 2784 Timentes
915 2717 1014 2809 igitur
1035 2717 1183 2806 Etrusci,
1204 2742 1248 2788 ne

176 2815 377 2888 beneficium
395 2834 495 2888 tantae
514 2819 701 2915 dignitatis,¹
726 2845 745 2888 a
764 2823 921 2890 Marianis
943 2837 1139 2916 acceptum,
1160 2823 1248 2918 Sylla

176 2940 367 3006 revocaret,
378 2927 404 2994 si
419 2926 564 2996 adversae
579 2943 689 3022 partes
704 2943 814 2996 esseut
826 2914 1030 3022 amputatae³,
1053 2933 1182 3024 penitus
1204 2930 1248 3000 ad

177 3031 362 3100 Sertorium
385 3057 440 3115 se,
461 3047 560 3126 atque
581 3033 661 3102 alios
682 3033 829 3128 ejusdem
850 3035 1000 3104 factionis
1022 3035 1123 3106 duces
1143 3035 1247 3132 appli-

176 3153 316 3224 canuit,
334 3141 445 3206 omnia
464 3163 537 3232 quae
560 3129 840 3234 imperarentur-⁴,
856 3143 925 3210 sine
944 3146 1150 3212 recusatione
1169 3169 1246 3236 pro·

176 3243 346 3313 mittentes
367 3269 438 3313 esse
461 3245 616 3312 facturos.
637 3249 754 3338 ltaque
779 3247 903 3313 facturn
924 3261 992 3329 est,
1013 3262 1049 3315 ut
1065 3273 1178 3316 rursus
1194 3249 1251 3318 fin·

175 3351 343 3420 missimus
364 3353 427 3419 XL
449 3351 636 3419 cohortium
664 3365 929 3446 comportaretur
957 3355 1128 3421 exercitus.
1157 3358 1246 3422 Nam

176 3471 212 3525 et
227 3455 321 3526 multi
340 3457 459 3527 milites
477 3459 532 3551 qui
551 3481 585 3526 se
603 3459 747 3526 venienti
761 3455 856 3550 Syllae
873 3456 1093 3546 tradiderant,
1107 3453 1248 3530 frustra·

218 3673 284 3728 Car.
301 3675 365 3727 Vll.
392 3692 416 3728 r.
437 3673 517 3744 Quasi
530 3674 560 3726 de
575 3685 686 3744 superma
732 3674 790 3744 Qui.
804 3672 864 3726 Seil.
881 3675 1000 3736 Etrusciz
1014 3693 1074 3748 que
1087 3677 1164 3731 notio
1179 3678 1243 3733 latet

177 3755 253 3808 hoste.
266 3755 309 3808 Sic
320 3767 418 3808 noster.
424 3755 514 3825 Vulgo
526 3755 597 3808 abest
609 3757 685 3826 qumi.
729 3755 758 3806 in
770 3773 835 3807 voce
850 3755 962 3808 Etr-ruia,

220 3855 247 3888 a.
259 3835 327 3887 Erat
338 3847 416 3887 autem
431 3835 545 3897 Etruria,
557 3848 606 3887 ete.
619 3835 687 3887 Cor·
771 3833 797 3887 3.
813 3836 964 3904 Amputatoe.
975 3835 1095 3900 Afflictae,
1116 3841 1240 3896 concise.

176 3913 231 3967 tius
241 3927 331 3967 monet
340 3917 367 3968 in
377 3913 434 3988 MS.
445 3915 525 3967 luisse
535 3917 560 3966 iu
571 3915 684 3975 Etruria,
773 3921 799 3979 4.
823 3916 913 3968 Omnia
930 3936 984 3988 quoe
999 3921 1177 3977 imperarentur,
1197 3921 1242 3976 sie

176 3993 250 4066 quod
265 3995 345 4050 etiam
358 3995 387 4048 iu
402 4007 494 4049 nostro
508 3991 633 4049 vidimus.
647 4025 688 4038 -
731 4009 829 4049 noster.
841 3995 930 4066 Vulgo
944 4001 1096 4068 imperarent.

1008 4101 1058 4176 33
