2950 4646
218 388 288 466 16ss
470 393 507 462 C.
538 390 714 460 CRISPI
741 389 1019 457 SALLUSTII

213 548 299 596 soeva
312 523 532 620 patiebamur:
546 523 658 595 hostes
672 525 715 592 ab
729 520 853 610 latere,
868 545 929 592 vus
947 522 1043 594 amici
1058 520 1185 616 procul,
1199 549 1285 618 spes,

211 634 318 703 omnis
335 633 370 699 in
388 633 487 702 armis
505 645 584 700 erat.
605 633 780 724 Postquam
798 627 853 698 illa
868 632 968 724 pestis
985 655 1027 698 cx
1041 629 1153 703 Africa
1170 631 1276 722 ejecta

211 754 278 828 est,
295 739 359 808 laeti
370 764 486 833 pacem
499 739 704 834 agitabamus
717 763 724 804 :
738 737 860 830 quippe
870 739 944 830 quis
959 736 1062 806 hostis
1075 735 1198 826 nullus,
1212 738 1281 814 nisi,

210 846 297 916 sorte
308 870 406 939 quem
420 871 480 913 vos
488 846 670 938 jussisselis.
684 847 771 913 Ecce
784 857 896 914 autem
910 869 950 912 ex
962 845 1141 939 improviso
1155 848 1172 913 J
1175 869 1284 939 ugur-¹

210 953 288 1040 tha,
303 951 509 1037 intoleranda
526 952 679 1039 audacia,
693 949 815 1020 scelere
828 965 926 1044 atque
939 951 1094 1046 superbia
1105 975 1176 1020 sese
1191 951 1282 1020 elle«

210 1083 287 1130 rens
305 1058 407 1126 fratre
427 1083 520 1145 meo,
542 1073 640 1152 atquc
661 1057 777 1128 codem
796 1059 984 1152 propinquo
1003 1083 1064 1126 suo
1085 1057 1277 1146 interfecto,

209 1167 356 1260 primum
373 1190 512 1259 regnum
532 1165 601 1258 ejus
616 1163 747 1234 sceleris
763 1165 813 1232 sui
826 1164 970 1260 praedam
989 1163 1089 1236 fecit:
1106 1179 1197 1258 post,
1218 1165 1281 1250 ubi

208 1295 263 1340 me
284 1271 398 1340 iisdem
422 1269 505 1340 dolis
528 1274 643 1365 nequit
663 1296 801 1366 capere,
820 1271 901 1340 nihil
929 1269 1071 1342 miuus¹⁰
1089 1295 1188 1364 quam
1209 1273 1281 1340 vim

210 1393 268 1452 aut
281 1377 405 1452 bellum
422 1392 665 1472 exspectantem
681 1380 715 1446 in
735 1379 874 1472 imperio
890 1391 1019 1466 vestro,
1030 1379 1125 1448 sicuti
1135 1377 1278 1465 videtis,

210 1483 376 1554 extorrem
410 1487 516 1579 patria
533 1539 542 1572 ‚
566 1484 686 1571 dome,
706 1487 839 1579 inopem
857 1499 891 1552 et
910 1498 1103 1579 coopertum
1137 1487 1280 1562 miseriis¹

210 1590 338 1679 effecit,
360 1605 398 1660 ut
416 1592 524 1658 ubivis
542 1593 663 1678 tutius,
680 1617 780 1684 quam
795 1592 830 1662 iu
847 1615 922 1662 meo
944 1617 1048 1685 regno
1070 1615 1184 1660 essem.

268 1725 285 1760 u
307 1700 380 1791 Ego
394 1699 440 1765 sic
455 1697 712 1786 existumabam,
729 1713 840 1792 patres
852 1699 1044 1792 conscripti,
1054 1711 1093 1766 ut
1103 1697 1279 1793 praedicam

210 1817 278 1874 tem
309 1803 499 1872 audiveram
524 1819 653 1898 patrem
678 1829 812 1893 meum,
839 1807 895 1898 qui
925 1819 1070 1874 vestram
1102 1807 1282 1884 amicitiam¹

210 1907 375 1996 colerent,
399 1935 455 1982 eos
482 1909 624 1980 multum
653 1909 799 1982 laborem
825 1911 1043 2014 suscipere¹¹3
1068 1927 1214 1980 ceterum
1236 1937 1281 1992 ex,

211 2016 365 2090 omnihus
386 2041 539 2088 maxume
555 2032 642 2088 tutos
659 2043 739 2088 csse.
762 2019 865 2106 Quod
882 2021 918 2094 iu
935 2017 1057 2088 familia
1070 2033 1183 2088 nostra
1199 2017 1280 2107 luit,

255 2241 299 2275 10.
321 2223 393 2274 Nihil
406 2228 498 2286 minus,
516 2236 560 2276 ote.
577 2223 674 2276 Effecit
691 2235 722 2276 ut
765 2225 948 2277 Romanorum
965 2223 1041 2276 hellis
1052 2262 1061 2289 ,
1074 2243 1185 2276 munera
1205 2223 1278 2278 obic-

211 2319 256 2370 ego
272 2301 327 2353 vim
343 2315 369 2353 et
381 2303 532 2368 bellum,i1i
544 2302 652 2375 regione
664 2323 722 2376 quae
766 2305 835 2369 rint,
849 2306 918 2374 justa
938 2304 995 2356 vice
1010 2305 1141 2376 postulat,
1157 2317 1188 2355 ut
1206 2322 1279 2356 nunc

210 2381 261 2433 auh
272 2382 385 2452 imperio
397 2397 484 2436 vestro
497 2397 549 2448 est,
561 2385 671 2436 minime
679 2405 722 2435 ex·
767 2395 839 2436 tutus
854 2385 881 2434 in
895 2403 977 2456 regno
989 2403 1051 2450 suo,
1063 2382 1219 2437 eorumdem
1233 2403 1278 2435 au·

211 2474 334 2531 spectans,
347 2464 431 2532 patria
448 2477 534 2516 tamen
547 2476 574 2516 et
587 2461 723 2530 domum}
766 2463 830 2516 :illo
853 2467 1033 2516 Romanorum
1046 2465 1111 2518 'esse
1131 2464 1222 2535 poscit.
1238 2495 1279 2508 --·

210 2540 441 2606 videtis,eetamls,
453 2547 531 2613 inops,
543 2543 724 2612 coopertusmi·
769 2543 844 2612 Quod
855 2548 879 2595 iu
886 2546 986 2610 scindite
1003 2557 1085 2600 naseu
1092 2547 1153 2613 suit.
1168 2544 1277 2596 Familia

211 2621 299 2686 seriis,
313 2622 395 2682 tutius
407 2623 494 2674 ubivis
505 2641 588 2682 msam,
602 2641 682 2694 quam
694 2623 723 2674 in
766 2635 856 2675 uostm
871 2623 993 2694 prestitit
1011 2623 1084 2696 quod
1099 2643 1180 2696 panes
1196 2625 1279 2695 ipsam

210 2718 293 2770 reguo
303 2719 372 2753 meo.
388 2701 428 2752 Me
436 2703 554 2768 efficiam
562 2721 646 2763 essem,
657 2721 722 2772 pro,
767 2702 832 2767 luit3
842 2721 878 2756 sc.
896 2717 926 2755 ut
938 2704 966 2755 iu
980 2705 1103 2757 omuibus
1115 2705 1192 2757 bellis
1202 2705 1279 2756 vobis

210 2779 300 2831 erfecit
309 2792 338 2831 ut
347 2799 395 2850 ego
404 2799 494 2834 essem.
506 2780 548 2832 Sic
558 2782 613 2834 Cic.
626 2781 676 2852 Ep.
689 2782 722 2834 ad
766 2783 859 2833 adesset
875 2779 885 2844 (
899 2802 945 2836 seu
964 2785 1090 2845 adessent,
1113 2785 1182 2856 plur.
1203 2801 1278 2837 num.

211 2858 305 2922 Quint.
316 2876 354 2926 11,
365 2861 416 2912 15:
428 2885 439 2907 ι
449 2859 512 2912 Huc
528 2879 570 2912 me
579 2899 586 2926 ,
596 2874 627 2913 ut
639 2861 723 2913 confi·
766 2863 1280 2934 quislamiliaplureshominescompleo·

211 2935 287 3003 dam,
301 2938 525 2992 faciunt-Plaut.
542 2941 616 2994 Poen.
632 2959 671 3005 11,
690 2943 721 2994 5:
767 2943 832 2994 titur
844 2940 863 3006 ).
884 2975 924 2986 -
941 2945 1080 2996 Paratum.
1099 2945 1189 3008 Quum
1204 2943 1279 2994 nulla

212 3017 262 3069 Sex
278 3018 413 3070 immolavi
426 3038 520 3088 agnos,
532 3039 580 3072 nec
595 3021 671 3091 potui
687 3033 724 3076 tc·
766 3041 816 3094 pro
823 3023 973 3075 vohisbella
980 3023 1094 3095 gerenda
1103 3021 1280 3076 sunc-Hio

211 3115 273 3153 men
288 3101 419 3168 propitiam
440 3099 554 3150 Venerem
563 3101 665 3166 fucere,
684 3102 724 3153 uti
767 3121 822 3154 non
837 3102 882 3154 aba
893 3121 923 3155 re
934 3105 1014 3157 luerit
1028 3103 1163 3167 conferre,
1173 3119 1232 3174 quae
1244 3099 1281 3156 (le

211 3175 437 3249 essetmihi3pro,
445 3181 529 3246 facere
541 3180 722 3250 utVemupro·
766 3182 798 3235 Ρ.
818 3183 849 3235 R.
867 3183 990 3236 societate
1012 3183 1077 3238 dicit
1098 3184 1216 3255 optimus
1236 3202 1281 3235 re·

207 3259 272 3328 pitia
282 3270 341 3310 esset
351 3259 415 3310 milii.
426 3260 460 3311 Et
474 3257 552 3312 llom.
562 3260 595 3312 ll.
611 3262 636 3326 β.
650 3269 705 3329 409
716 3279 722 3313 :
766 3281 828 3314 rum
839 3281 1008 3316 mmanarum
1016 3263 1096 3336 judex
1105 3263 1280 3336 Moutasqm‘eu,

240 3325 306 3390 illu
320 3337 367 3408 γὰρ
382 3337 449 3390 κατὰ
463 3342 534 3410 θυμὸν
548 3335 680 3411 ἀδελφεὸν,
691 3343 723 3402 ὡς
770 3341 866 3395 Graarl.
885 3355 910 3394 et
927 3345 1020 3396 Dicad.
1039 3362 1084 3396 vs:
1107 3369 1118 3390 ι
1138 3341 1282 3414 Quoiquele

311 3420 433 3482 ἐπονεῖτο,
768 3426 823 3473 utre
832 3423 862 3472 de
874 3425 926 3474 leur
934 3425 1041 3491 aHiqu't
1051 3443 1097 3476 une
1107 3429 1186 3495 espace
1196 3424 1226 3473 de
1233 3441 1284 3474 ser·

211 3496 278 3554 Pro,
295 3492 355 3566 pilus
368 3501 400 3558 ὡς
415 3495 533 3568 clapsi:
549 3503 666 3554 ἰπονιῖτο.
768 3503 859 3564 cicade,
871 3505 891 3554 il
900 3508 961 3556 lecit
971 3509 1109 3556 ndaumoins
1118 3509 1183 3554 aa·
1191 3503 1284 3554 reclei»-

211 3576 255 3629 Sic
268 3576 356 3630 Latini
376 3597 458 3650 saepe3
471 3578 557 3631 Greci
573 3581 722 3651 sepissime.
767 3581 824 3645 οΙιέ,Ι
838 3601 881 3634 σαν
892 3603 923 3635 on
934 3589 994 3636 e'taic
1004 3591 1047 3636 sui·
1057 3605 1101 3654 que
1110 3585 1162 3636 l'on
1175 3603 1204 3635 m
1217 3601 1283 3635 nce-

256 3675 300 3710 11.
311 3649 364 3710 Eos
372 3659 471 3710 inultm
482 3658 585 3711 laborem
598 3665 721 3730 suscipere.
769 3665 829 3714 vnit
837 3663 954 3734 d'injum
962 3681 1008 3736 que
1017 3665 1105 3728 d'eus,
1117 3677 1142 3715 er
1151 3665 1203 3716 l‘on
1216 3668 1286 3716 avait

212 3735 348 3806 Significat
362 3738 407 3789 ille
424 3749 514 3808 patres
532 3757 605 3803 suos,
624 3757 678 3791 non
693 3753 724 3792 ut
767 3755 829 3811 quct
843 3743 962 3814 d'espe'rer
973 3745 1074 3817 qu'elles
1088 3750 1191 3797 seruiens
1206 3748 1283 3796 mom-

211 3815 313 3870 inertiae
339 3817 532 3880 consulerent,
554 3818 724 3890 laboremque
767 3823 842 3874 dm:
855 3828 919 3874 almi
933 3826 954 3875 il
969 3826 1015 3895 u'y
1030 3829 1097 3876 avait
1106 3825 1219 3897 pciretdo
1231 3839 1283 3874 ser·

211 3895 349 3966 lugerent,
369 3897 512 3950 amicitiam
539 3899 723 3951 Romanorum
767 3905 881 3974 vi'cesqioe
892 3904 925 3954 les
935 3905 1032 3975 pupks
1043 3917 1068 3956 st
1081 3906 1114 3958 lu
1127 3909 1176 3958 mis
1189 3905 1282 3971 neseis-

212 3976 345 4047 auiplexos
361 3976 449 4031 luisse.
463 3977 549 4047 Igitur
563 3995 646 4048 quum
661 3991 724 4031 stra-
767 3995 819 4032 sem
830 3992 897 4053 prees
911 3985 942 4034 de
956 3985 1055 4049 malm,
1074 3986 1148 4036 nida
1167 3985 1283 4038 bassam

212 4071 265 4108 nuc
272 4057 405 4114 bouarmn
412 4057 556 4126 sociemus,
564 4057 592 4112 iu
599 4058 723 4114 omnibus
767 4064 841 4133 qu'i'ls
853 4061 975 4132 ηαβεατ
983 4083 1048 4136 posu
1062 4065 1073 4117 1
1077 4065 1182 4120 ’alcun
1194 4091 1208 4114 s
