2942 4662
164 369 1221 414 ΜΝΜἏὶΜὶΜΜΜΜΜὶἉΜΜΜΜΉἊ-Αρωω

527 573 857 698 INDEX

345 831 1052 952 GEOGRAPHICUS.*

475 1108 919 1140 ..ψ-...Φη-

681 1283 717 1346 Α.

166 1395 380 1506 Αιοιιαιως
394 1465 423 1516 p.
444 1449 487 1498 16.
502 1446 583 1497 Italiae
598 1444 704 1515 populi,
717 1444 867 1515 regionem,
886 1446 931 1496 ubi
950 1447 1033 1498 Roma
1048 1445 1145 1499 deinde
1166 1468 1231 1501 con-

167 1525 225 1580 dita
237 1527 300 1590 fuit,
312 1525 467 1589 incolentes,
479 1544 493 1578 a
505 1526 601 1596 quibus
613 1524 701 1576 Latini
714 1525 764 1576 orti
778 1537 847 1576 sunt.
863 1524 958 1577 Narrat
972 1525 1081 1596 Dionys.
1096 1527 1228 1582 Halicarn.

167 1611 230 1658 Ant.
244 1608 337 1669 Rom,
352 1625 396 1658 eos
406 1605 453 1656 has
466 1604 539 1656 sedes
553 1604 666 1675 expulsis
679 1603 772 1655 Siculis
785 1622 937 1674 occupasse,
957 1603 1132 1677 admistosque
1147 1608 1231 1660 Pelas·

166 1686 207 1756 gis
217 1683 314 1757 oppida
327 1685 419 1737 crebra
430 1685 586 1748 munivisse,
600 1701 713 1754 quorum
727 1683 812 1753 aliqua
825 1683 903 1735 etiam
918 1685 1039 1754 Dionysii
1052 1697 1126 1738 aetate
1139 1705 1230 1758 super·

165 1777 252 1818 eraut.
263 1764 418 1834 Aborigines
427 1764 509 1816 Italire
518 1762 653 1833 indigenas
662 1781 716 1814 esse
725 1763 805 1833 vulgo
814 1765 940 1834 putabant
950 1765 1074 1828 Romani,
1083 1785 1231 1838 nomenque

166 1845 254 1916 ipsum
267 1862 298 1896 ex
313 1844 362 1896 bac
375 1843 501 1914 opinione
517 1854 628 1894 tractum
642 1855 689 1895 est.
704 1842 772 1894 Nam
787 1841 858 1912 quod
875 1861 918 1894 eos
932 1841 1039 1912 quidam
1058 1845 1230 1916 Aberrigenas

166 1919 179 1986 (
186 1925 218 1976 ab
232 1921 380 2000 errabunda
391 1912 456 1989 vita)
469 1923 671 1993 appellaverint,
683 1919 711 1974 id
722 1941 813 1974 verum
828 1941 925 1974 nomen
939 1920 1121 1993 detorquendo
1132 1925 1231 1978 sactum

167 2023 224 2056 esse
234 2015 343 2056 testatur
355 2003 410 2074 ipse
421 2003 571 2072 Dionysius.
584 2000 658 2054 Ideni
673 2015 777 2066 namt,
789 2002 915 2056 Catonem
930 2020 974 2054 eos
988 2021 1018 2054 ex
1031 2003 1129 2055 Achaia
1141 2003 1232 2058 advec-

167 2095 210 2135 tos
224 2082 347 2149 credere,
361 2083 451 2134 multis
465 2094 526 2134 ante
537 2083 669 2152 trojanum
684 2081 783 2133 bellum
796 2081 928 2135 aetatibus.
942 2099 990 2133 uec
1003 2082 1067 2134 alios
1081 2101 1136 2136 esse
1151 2103 1231 2154 quam

167 2163 215 2233 qui
229 2175 355 2216 vocantur
363 2161 496 2214 OEnotrii.
512 2159 565 2212 Sed
580 2161 635 2211 hec
652 2161 740 2212 omnia
755 2163 867 2224 incerta3
883 2160 976 2230 virque
991 2159 1157 2215 doctissimus
1169 2165 1231 2215 Fre‘-

169 2254 206 2293 ret
215 2237 298 2302 (Μέπι.
310 2243 340 2294 de
355 2241 455 2294 t'AcaA.
472 2241 514 2292 des
529 2241 668 2309 Inscrip.,t
692 2236 736 2302 18)
746 2242 859 2310 probare
874 2238 969 2291 nititur
984 2259 1032 2292 nec
1048 2241 1168 2312 Pelasgos
1184 2262 1232 2296 nec

166 2321 324 2391 Aborigines
334 2321 458 2374 eGraecia
472 2321 499 2372 in
515 2320 617 2372 Italiam
630 2319 695 2370 mari
708 2320 838 2390 appulisse
850 2341 857 2380 3
871 2316 918 2371 sed
932 2331 1002 2372 terra
1017 2320 1070 2371 buc
1086 2322 1230 2391 antiquitus

167 2399 304 2454 devenisse
311 2401 431 2454 homines
438 2403 461 2470 ej
465 2398 648 2470 usdem,quam
658 2398 772 2462 Graecos,
779 2399 898 2469 originis,
905 2399 951 2469 qui
957 2399 999 2450 vel
1007 2399 1106 2470 Pelasgi
1113 2401 1153 2452 vel
1162 2402 1230 2453 Abo-

166 2481 264 2551 rigines
273 2480 337 2534 dicti
346 2493 420 2545 sunt,
428 2481 482 2550 ipse
494 2477 811 2548 censet,ooufirmantque
822 2477 906 2530 ductae
915 2497 946 2530 ex
955 2479 1103 2548 linguarum
1113 2481 1229 2550 analogia

167 2563 337 2630 conjecturas,
359 2579 422 2630 quas
444 2559 487 2612 hic
508 2559 606 2612 referre
627 2557 731 2628 longius
753 2557 840 2610 suerit.
861 2559 985 2610 Ceterum
1007 2559 1051 2610 vix
1071 2557 1230 2612 crediderim

166 2641 339 2711 Aborigines,
350 2657 432 2710 quum
446 2641 530 2692 Roma
542 2635 647 2690 condita
658 2650 711 2701 est,
720 2649 773 2688 tarn
787 2637 855 2690 feros
867 2637 1030 2708 incultosque
1041 2637 1134 2703 luisse,
1149 2658 1229 2712 quam

166 2719 228 2789 quis
241 2739 272 2772 ex
285 2719 400 2772 Sallustii
413 2718 500 2771 verbis
515 2717 641 2788 suspicari
659 2717 747 2788 possit.
767 2715 795 2768 si
818 2716 889 2770 euim
908 2718 985 2770 urbes
1002 2719 1056 2789 jam
1074 2732 1133 2770 ante
1148 2717 1228 2770 babe-

166 2799 248 2863 bant,
262 2817 340 2870 quam
354 2799 439 2851 Larini
453 2810 626 2858 vocarentur,
639 2814 694 2848 nou
707 2796 817 2848 omnino
829 2797 885 2849 sine
898 2797 997 2867 legibus
1010 2809 1036 2849 et
1048 2798 1105 2850 sine
1117 2799 1229 2870 imperio

167 2897 223 2930 esse
235 2879 439 2949 poterant.,1mo
454 2889 481 2929 et
495 2891 584 2930 nostra
595 2876 745 2928 humanitas
760 2873 894 2946 quomodo
914 2895 969 2928 non
984 2877 1134 2944 erubescat,
1146 2897 1227 2948 quum

165 2957 279 3028 legimus
292 2975 391 3010 morem
408 2958 486 3009 fuisse
499 2957 592 3027 priscis
607 2957 658 3008 illis
673 2954 794 3028 populis,
806 2975 872 3027 quos
890 2956 1015 3010 barbaros
1028 2974 1169 3020 vocamus,
1185 2971 1228 3022 ut,

157 3038 272 3109 ¹quotics
292 3038 390 3090 illaturi
408 3037 506 3088 bellurn
520 3051 565 3089 aut
584 3035 718 3106 excepturi
736 3036 803 3088 ultra
827 3037 892 3087 lines
913 3037 1055 3089 exercitum
1079 3037 1226 3100 mitterent,

167 3118 235 3172 sacri
243 3117 293 3168 viri
305 3118 402 3187 absque
414 3117 506 3180 armis,
518 3134 578 3167 cum
589 3115 758 3167 libaminibus
771 3128 797 3168 et
807 3113 935 3189 foderum
949 3115 1093 3180 oblatione,
1105 3117 1228 3186 praeirent

168 3181 294 3250 unitatis?
307 3195 378 3249 unde
393 3213 450 3246 mos
464 3195 595 3246 fecialium
611 3193 735 3244 Romanis
748 3191 885 3245 deductus.
902 3189 1029 3264 (Dionys.
1040 3195 1123 3246 Halic.
1138 3197 1227 3265 Antiq.

166 3279 246 3332 Rom.
258 3278 327 3330 circa
340 3271 471 3337 initium.)

171 3409 1229 3435 .--------—-—-—-—---——

199 3517 211 3540 “
228 3516 255 3560 ln
269 3510 429 3574 componendo
442 3511 486 3556 lion
498 3507 575 3554 Indice
587 3505 714 3567 plurimum
726 3519 754 3548 eo
765 3503 801 3547 usi
814 3518 906 3554 sumus,
919 3517 989 3562 quern
999 3503 1081 3562 gallice
1092 3506 1229 3566 conscripsit

166 3597 203 3642 vir
214 3593 358 3658 geographiae
368 3590 462 3636 scientia
476 3587 622 3650 praecellens,
633 3585 715 3630 sartis
724 3583 755 3627 du
764 3584 867 3642 Bocage,
880 3597 908 3626 ex
918 3581 1027 3628 instituto
1040 3582 1138 3643 gallico,
1150 3585 1228 3644 subje-

167 3677 247 3736 citque
260 3673 350 3735 gallicae
363 3669 463 3716 versioni
473 3667 510 3714 sui
523 3667 548 3712 in
560 3666 642 3711 eodem
654 3664 762 3710 instituto
773 3662 867 3722 collegae
882 3662 912 3706 cl'.
932 3659 1071 3706 Mollevault.
1085 3663 1143 3708 item
1160 3665 1227 3710 nobis

168 3765 275 3801 auctores
286 3753 349 3798 luere
356 3753 391 3797 De
399 3752 490 3794 Brosses
498 3756 521 3794 et
532 3744 664 3796 d'AmHle,
676 3759 776 3804 quorum
789 3740 883 3788 erudite
895 3739 1081 3802 investigationes
1089 3735 1227 3804 jampridem

168 3849 211 3880 suo
227 3833 302 3894 pretio
317 3829 431 3876 estimatae
444 3834 504 3871 sunt„
520 3825 616 3868 Necnon
634 3822 722 3882 aliquot
735 3819 864 3865 addidimus
880 3817 977 3864 ineditas
990 3817 1019 3863 de
1029 3821 1169 3882 geographia
1184 3821 1228 3868 liis.

166 3913 251 3976 pauica
261 3919 340 3964 notas,
352 3923 408 3968 quas
418 3922 432 3952 a
441 3921 465 3952 se
477 3903 546 3950 latine
558 3902 653 3962 scriptas
661 3917 716 3962 ,pro
729 3900 870 3946 humanitate
882 3915 935 3952 sua,
945 3897 1012 3942 nobis
1028 3900 1182 3947 commodavit
1194 3903 1228 3948 rir

167 3994 230 4040 inter
242 3992 357 4050 Hispanos
372 4003 417 4032 suae
428 3983 506 4046 patriae
515 3982 619 4028 locorum
633 3981 784 4042 peritissimus
795 3982 806 4023 J
809 3994 894 4022 oannes
905 3978 1017 4022 Antonius
1028 3995 1042 4022 a
1051 3979 1162 4026 Honore.
1171 3983 1227 4042 Quq

168 4073 224 4118 huic
235 4069 309 4117 ludici
319 4068 484 4114 interserentnr
495 4062 544 4120 ejus
560 4071 634 4116 uoto,
651 4059 750 4108 auctoris
764 4059 856 4104 nomine
871 4056 1050 4104 subscribentur.

969 4129 1035 4198 35²
