2910 4666
266 381 341 458 336
480 383 689 454 BELLUM
716 381 1105 454 JUGURTHINUM.

263 517 441 586 Masinissa
463 517 662 603 Massivam,
683 517 827 584 immisso
842 507 1218 610 percussore,‘confecit.
1243 515 1317 583 Haec

261 621 365 692 altera
385 637 501 692 contra
523 647 634 717 regem
655 621 717 690 fuit
743 645 857 692 caussa
876 620 1039 708 bellandi;
1064 621 1164 714 igitur
1184 645 1317 713 sequens

261 727 342 797 ultio
354 729 529 797 mandatur
542 727 673 796 Albino.
686 726 751 796 Sed
764 727 862 822 hujus
877 753 1008 822 quoque
1021 723 1126 820 (proh
1142 718 1318 812 dedecusl)

262 836 306 902 ita
331 837 479 930 corrupit
512 835 710 920 exercitum,
737 849 776 902 ut
804 832 988 904 voluntaria
1020 847 1208 902 nostrorum
1244 831 1318 926 fuga

261 941 408 1010 vinceret
423 941 586 1027 Numida,
599 943 778 1034 castrisque
797 943 967 1034 potiretur.
984 939 1107 1010 Addito
1120 939 1216 1008 etiarn
1233 939 1318 1032 turpi

261 1045 384 1116 loedere
420 1049 454 1116 in
476 1049 617 1142 pretium
643 1045 772 1134 salutis,
797 1071 896 1140 quern
922 1049 1012 1141 prius
1036 1060 1178 1140 emerat,
1201 1044 1318 1130 dimisit

260 1156 449 1223 exercitum.
470 1153 596 1222 Eodem
615 1167 764 1249 ternpore
782 1154 816 1220 in
835 1150 993 1222 ultionem
1015 1177 1082 1221 non
1105 1166 1172 1219 tam
1195 1151 1319 1244 imperii

260 1263 406 1348 romani,
421 1283 520 1355 quam
533 1259 685 1354 pudoris,
699 1256 853 1327 Metellus
868 1261 1030 1353 assurgit:
1045 1259 1101 1352 qui
1116 1255 1317 1326 callidissime

258 1365 388 1435 hostem
413 1391 501 1435 nunc
522 1365 693 1459 precibus,
713 1389 801 1432 nunc
828 1367 944 1450 minis,
968 1366 1037 1458 jam
1062 1362 1230 1450 simulata,
1251 1363 1317 1456 jam

258 1474 351 1566 quasi
379 1497 458 1540 vera
487 1472 566 1565 fuga
593 1470 799 1556 eludentem,
823 1471 948 1539 artibus
974 1472 1040 1540 suis
1066 1483 1317 1565 aggressusest

257 1580 424 1671 Agrorum
447 1591 545 1671 atque
575 1578 725 1644 vicorum
752 1575 965 1670 populatione
988 1601 1055 1645 non
1086 1587 1259 1644 contentus
1285 1577 1318 1643 in

257 1683 329 1777 ipsa
349 1682 513 1753 Numidiae
535 1684 644 1776 capita
663 1684 822 1776 impetum
851 1681 944 1770 fecit,
969 1696 1003 1750 ct
1026 1685 1161 1750 Zamam
1187 1681 1318 1776 quidem

257 1787 379 1880 frustra
397 1789 455 1857 diu
476 1786 606 1874 voluit;
629 1802 775 1857 ceterum
794 1787 950 1876 Thalam,
971 1812 1106 1883 gravem
1126 1791 1225 1858 annis
1247 1789 1317 1857 the·

256 1917 419 1989 sauroque
436 1897 540 1990 regis,
555 1893 699 1988 diripuit.
720 1897 814 1963 Tunc
829 1894 968 1964 urbibus
988 1910 1121 1964 exutum
1137 1919 1267 1990 regem,
1285 1907 1318 1962 et

251 2001 322 2094 jam
341 2001 457 2070 finium
469 2025 604 2070 suorum
619 2001 777 2095 regnique
794 2001 984 2096 fugitivum,
995 2026 1055 2096 per
1069 2003 1205 2070 Mauros
1219 2016 1317 2095 atque

257 2106 442 2197 Getuliam,
458 2107 663 2201 sequebatur.
681 2109 852 2177 Postremo
874 2109 1001 2176 Marius
1019 2110 1123 2176 auctis
1138 2107 1316 2176 admodum

194 2201 198 2208 ¹
255 2216 375 2309 copiis,
390 2241 493 2310 quum
509 2239 571 2309 pro
586 2213 785 2283 obscuritate
799 2215 927 2309 generis
939 2215 989 2283 sui
1004 2216 1111 2309 capite
1125 2239 1242 2283 censos
1262 2237 1315 2282 sa-

255 2337 424 2391 cramento
439 2320 614 2416 adegisset,
625 2321 694 2414 jam
709 2320 818 2389 fusum
831 2335 864 2389 et
878 2321 1025 2389 saucium
1040 2345 1151 2414 regem
1167 2320 1315 2404 adortus,

255 2452 322 2496 non
337 2427 463 2498 facilius
483 2442 595 2496 tamen
611 2428 709 2512 vicit,
730 2451 830 2520 quarn
851 2428 876 2495 si
900 2429 1063 2522 integrum
1085 2441 1119 2496 et
1138 2441 1311 2496 recentem.

255 2535 317 2602 Hic
333 2549 367 2602 et
383 2533 500 2602 urbem
517 2531 651 2602 Herculi
670 2532 835 2601 conditam
853 2535 1012 2626 Capsam,
1029 2535 1063 2601 in
1080 2533 1188 2602 media
1204 2533 1313 2602 Africa

254 2641 369 2727 sitam,
387 2639 549 2734 anguibus
568 2641 741 2733 arenisque
758 2639 932 2724 vallatam,
947 2641 1029 2708 mira
1049 2639 1191 2733 quadam
1210 2637 1312 2708 felici-

253 2759 319 2813 tate
335 2747 522 2839 superavit:
540 2759 574 2812 et
588 2769 686 2813 saxeo
701 2743 838 2814 inditam
852 2747 957 2813 monti
972 2744 1166 2814 Mulucham
1182 2745 1312 2831 urbem,

253 2875 313 2944 per
329 2853 504 2944 Ligurem,
522 2850 612 2919 aditu
637 2850 741 2918 arduo
765 2853 995 2946 inaccessoque
1018 2853 1211 2946 penetravit.
1233 2853 1313 2920 Mox

253 2981 320 3024 non
341 2960 448 3052 ipsum
471 2957 589 3042 modo,
611 2956 668 3026 sed
690 2958 861 3026 Bocchum
883 2983 1013 3052 quoque
1033 2959 1240 3028 Mauritania
1258 2983 1311 3026 re·

253 3087 345 3156 gem,
359 3064 435 3154 jure
459 3063 625 3157 sanguinis
647 3063 826 3132 Numidam
848 3063 1088 3149 vindicantem,
1111 3063 1200 3158 apud
1221 3065 1311 3159 oppi-

252 3168 331 3238 dum
346 3169 472 3238 Cirtam
488 3169 632 3264 graviter
650 3169 777 3238 cecidit.
794 3171 861 3258 Qui
880 3171 955 3256 ubi,
970 3169 1097 3240 diffisus
1112 3169 1212 3240 rebus
1231 3173 1311 3258 suis,

251 3274 363 3345 alienae
388 3273 489 3344 cladis
510 3275 652 3344 accessio
676 3275 749 3344 ficri
766 3277 877 3362 timet,
895 3279 1038 3370 pretium
1059 3275 1189 3345 foederis
1215 3292 1311 3371 atque

251 3383 403 3451 amicitie
419 3407 529 3477 regern
546 3381 632 3452 facit.
655 3383 710 3450 Sic
727 3380 1045 3452 fraudulentissimus
1063 3407 1179 3476 regum
1195 3382 1312 3464 ¹fraude

250 3491 354 3558 soceri
369 3490 418 3556 sui
437 3489 471 3556 in
489 3489 620 3558 insidias
632 3487 793 3556 deductus
805 3501 871 3576 est,
885 3503 918 3556 et
932 3487 1028 3558 Sullae
1044 3491 1077 3557 in
1092 3513 1229 3558 manum
1247 3503 1313 3557 tra·

249 3594 352 3663 ditus:
363 3593 561 3688 tandemque
575 3609 727 3689 opertum
743 3595 866 3662 catenis
881 3596 1080 3689 Jugurtham
1096 3598 1130 3663 in
1142 3595 1311 3691 triumpho

250 3699 392 3795 populus
406 3724 563 3768 romanus
578 3701 719 3795 aspexit3
732 3699 789 3769 sed
803 3697 856 3768 ille
870 3725 1017 3796 quoqne,
1027 3703 1177 3794 quamvis
1188 3703 1312 3790 victus,

248 3821 282 3877 ct
296 3807 444 3893 vinctus,
458 3805 541 3874 vidit
551 3806 685 3894 urbem,
701 3829 799 3901 quarn
815 3805 964 3876 venalem
976 3821 1008 3876 et
1022 3807 1221 3902 quandoque
1237 3833 1311 3904 per·

247 3916 387 4000 ituram,
402 3914 428 3982 si
444 3911 611 3981 habuisset
627 3927 830 4006 emptorem,
849 3913 971 3982 frustra
992 3916 1166 3984 cecinerat.
1185 3917 1312 3984 Tamen

248 4035 287 4088 ut
308 4017 432 4088 venalis
453 4017 584 4107 fuisset,
613 4019 729 4088 habuit
753 4035 961 4114 emptorem3
982 4034 1016 4089 et
1039 4045 1143 4114 quum
1165 4019 1220 4090 ille
1242 4045 1310 4091 non

248 4127 406 4210 evaserit,
424 4139 551 4194 certum
571 4127 634 4194 erit
650 4149 723 4194 eam
743 4151 810 4195 non
826 4151 896 4197 esse
914 4129 1105 4221 perituram.
