2938 4654
244 376 320 462 ²44
500 373 538 443 C.
567 371 741 442 CRISPI
768 369 1046 442 SALLUSTII

241 507 438 602 quivissent,
459 506 494 573 ni
516 504 642 602 pedites
666 529 744 574 cum
761 504 926 600 equitibus
944 487 1118 600 permixti³
1147 524 1303 597 magnam

240 611 369 682 cladem
388 612 422 680 in
441 636 622 706 congressu
643 611 797 682 facerent
818 611 948 701 Quibus
970 609 1015 678 illi
1035 610 1127 698 freti,
1149 633 1241 698 uon,
1265 623 1303 678 ut

239 719 383 814 equestri
403 715 516 813 praelio
546 716 646 807 solet,
672 719 781 814 sequi,
806 717 883 787 dein
912 717 1047 804 cedere;
1069 716 1126 786 sed
1154 715 1302 785 advorsis

238 827 329 919 equis
341 811 567 914 concurrerel,
578 824 747 920 implicare
759 849 797 894 ac
809 825 1004 919 perturbare
1016 825 1119 892 aciem
1131 848 1138 890 :
1151 823 1198 891 ita
1209 846 1302 916 expe·

236 930 313 1000 ditis
335 931 499 1026 peditibus
518 933 585 1000 suis
600 931 711 1002 hostes
733 956 818 1026 pene
839 918 945 1002 victos
966 915 1073 999 dare⁵.

290 1039 361 1106 LX.
386 1037 513 1122 Eodem
534 1053 684 1134 tempore
699 1038 788 1134 apud
806 1041 942 1106 Zamam
963 1061 1084 1131 magna
1099 1036 1133 1103 ri
1151 1034 1300 1104 certaba-

234 1157 312 1211 tur:
332 1144 388 1212 ubi
411 1145 548 1240 quisque
569 1143 713 1240 legatus,
727 1160 786 1214 aut
801 1145 953 1214 tribunus
971 1143 1126 1231 curabat,
1147 1166 1187 1210 eo
1207 1165 1298 1210 acer·

232 1263 327 1318 ru'me
345 1251 404 1318 niti
414 1249 443 1338 ¹;
458 1276 566 1346 neque
582 1250 664 1321 alius
680 1254 714 1320 in
729 1247 793 1320 alio
812 1253 933 1347 magis,
947 1274 1048 1345 quam
1068 1251 1102 1317 in
1122 1273 1191 1317 sese
1205 1271 1298 1342 spem

231 1355 354 1424 babere
374 1383 383 1446 ³.
403 1359 527 1451 pariter
547 1357 705 1453 oppidani
726 1382 834 1452 agere.
858 1361 1081 1453 Oppugnare,
1100 1369 1157 1424 aut
1180 1377 1297 1449 parare

230 1461 384 1531 omnibus
397 1461 484 1550 ‚locis
497 1461 524 1530 ²:
548 1463 675 1534 avidius
695 1462 789 1533 alteri
807 1463 928 1534 alteros
949 1465 1114 1550 sauciare,
1135 1485 1235 1555 quam
1253 1484 1298 1529 se·

270 1689 295 1742 3.
312 1688 408 1741 Pedites
421 1705 474 1743 cura
487 1687 604 1760 equitibus
616 1691 737 1758 parmati.
779 1708 827 1760 per
837 1690 958 1760 etpeditos
969 1707 1024 1742 suos
1034 1687 1141 1759 pedites,
1153 1688 1296 1760 dostupme

227 1767 330 1838 Nempe
346 1766 449 1839 pedites
463 1748 655 1833 Numidarum,
669 1768 739 1821 inter
781 1769 919 1824 uouebant.
933 1769 1031 1822 Victum
1045 1769 1114 1831 dam,
1129 1769 1230 1840 inquit,
1245 1787 1296 1840 pro

226 1848 345 1919 equiturn
369 1859 484 1912 turmas,
508 1860 662 1918 pugnantes.
688 1847 738 1900 Pe·
781 1852 884 1901 vincere.
902 1850 1011 1902 Terent.
1027 1849 1177 1914 Phornav,
1193 1868 1225 1919 7,
1242 1851 1293 1901 81:
1368 1911 1370 1914 Ι

225 1925 294 1979 dites
315 1927 364 1979 bos
388 1927 429 1978 De
448 1927 558 1991 Brossas,
580 1938 606 1978 et
628 1923 738 1997 qnidam
784 1953 795 1975 ι
808 1926 888 1982 Hisce
907 1947 955 1999 ego
977 1929 1049 1980 illam
1070 1927 1164 1993 dictis,
1186 1929 1222 1981 ita
1245 1929 1294 1980 tibi

224 2005 269 2059 alii
284 2017 379 2079 putant
397 2017 486 2058 vectos
507 2005 586 2058 fuisse
607 2019 667 2078 post
682 2006 737 2059 ain·
780 2011 898 2060 incensam
908 2008 1094 2063 dabo.·Plaut.
1107 2008 1198 2061 Cistel.
1209 2025 1247 2074 11,
1266 2009 1293 2072 3,

222 2086 297 2158 gulos
317 2087 431 2158 equites,
451 2084 562 2138 velitum
590 2103 678 2150 more,
702 2084 736 2139 de
782 2086 815 2139 51
833 2107 840 2142 :
861 2090 1018 2156 ·Persectum
1032 2087 1085 2142 boc
1103 2107 1152 2160 ego
1167 2088 1230 2140 dato
1248 2105 1292 2141 ne·

222 2167 320 2238 quibus
330 2164 391 2218 vide
402 2184 459 2237 sup.
470 2165 568 2218 XLVI.
578 2164 636 2218 Hoc
646 2177 734 2219 tamen
779 2168 890 2236 gotium.
901 2167 1013 2238 »Virgil
1028 2167 1133 2220 AEneid.
1145 2186 1204 2233 xri,
1218 2168 1290 2238 437:

221 2247 259 2299 ita
277 2245 355 2299 luisse
372 2264 427 2298 non
443 2245 488 2297 hic
502 2243 568 2297 dicit
582 2245 734 2311 Sallustius,
917 2251 987 2296 Nunc
996 2257 1020 2295 te
1031 2249 1186 2295 meadextera
1196 2249 1260 2295 hello

221 2343 270 2378 nec
295 2323 404 2378 credere
430 2322 521 2377 suadet
552 2325 638 2376 Autor
666 2325 733 2377 Belli
808 2321 932 2383 &sensum
942 2320 1017 2366 dabit.

220 2405 302 2458 Afric.
318 2405 364 2476 qui
381 2402 414 2457 de
430 2403 510 2456 simili
522 2422 610 2474 pugna
628 2405 730 2457 LXIX:
776 2401 868 2457 senec.
882 2402 955 2456 Med.
975 2404 1045 2456 528:
1063 2429 1075 2451 ι
1085 2403 1195 2475 Scytha
1206 2404 1291 2458 Pelas-

223 2511 234 2532 ·
249 2485 282 2536 In
303 2485 413 2536 Caesaris
426 2483 585 2554 legionarios
602 2484 731 2554 impetum
774 2482 815 2554 gis
826 2486 921 2554 junge,
936 2483 1053 2536 demersos
1068 2481 1163 2536 dabo·
1185 2484 1247 2537 Haec
1262 2497 1290 2538 et

218 2564 318 2631 faciunt
325 2561 447 2615 Numidae
454 2563 570 2632 levisque
579 2575 730 2631 armaturae,
775 2563 825 2615 alia
840 2563 956 2617 Cortius.
976 2563 1061 2634 Magis
1081 2575 1168 2615 tamen
1184 2565 1289 2634 placere

217 2643 333 2696 mirabili
346 2643 484 2694 velocitate
496 2639 616 2712 prediti,
630 2643 677 2713 qui
691 2644 731 2696 in·
774 2641 887 2695 fatemur
893 2643 1010 2714 priorem
1019 2661 1133 2696 sensum.
1140 2643 1207 2696 Nam
1214 2643 1289 2715 quod

218 2733 259 2775 ter
269 2721 370 2791 equitet
382 2721 550 2792 pugnabant,
559 2733 585 2772 et
597 2739 648 2773 una
659 2724 731 2794 pari·
773 2725 863 2774 victum
872 2723 931 2774 dare
940 2723 1023 2793 accipi
1031 2735 1118 2794 potest
1125 2741 1175 2794 pro
1182 2727 1286 2786 uincere,

216 2813 309 2872 terque
327 2819 387 2853 cum
405 2799 538 2870 equitibus
551 2818 687 2854 accurrere
703 2815 729 2855 et
772 2800 835 2853 inde
848 2821 903 2855 non
919 2803 1052 2874 sequitur,
1070 2814 1100 2855 ut
1115 2803 1199 2874 accipi
1214 2823 1286 2856 nun·

215 2881 565 2952 reingereconaueverant.·
771 2899 852 2951 quam
878 2883 961 2955 possit
989 2901 1041 2953 pro
1069 2885 1161 2934 vietam
1192 2883 1286 2935 trudere

257 2973 282 3022 4.
305 2959 356 3012 Sed
371 2960 477 3013 advorsa
500 2961 564 3031 equis
582 2977 726 3014 wocurt-cre.
771 2961 852 3014 alicui.

214 3040 294 3094 Recta
309 3040 366 3104 via,
385 3057 434 3092 nec
446 3057 562 3109 unquam
580 3051 651 3110 terga
666 3057 726 3093 ver·
810 3041 875 3094 Car.
885 3042 943 3094 Lx.
961 3060 986 3094 ι.
998 3041 1284 3098 Εοασιννιωιικίἱί.8ο.

213 3131 312 3184 tentes,
326 3119 354 3172 io
369 3119 474 3172 bostem
486 3118 585 3172 invehi.
769 3122 873 3174 romani
879 3121 983 3174 milites.

254 3202 280 3254 5.
294 3200 424 3271 Expedite
443 3198 562 3270 peditibus
581 3205 631 3251 sut'a
648 3200 725 3252 lustu
811 3220 836 3254 a.
853 3201 1001 3271 oppugnare
1016 3215 1060 3255 aut
1070 3221 1160 3273 parare
1174 3203 1283 3257 omnibus

207 3284 355 3352 peneaictos
370 3279 436 3332 dan.
450 3280 539 3345 Quum
554 3280 655 3350 equites
666 3280 724 3333 Nn·
768 3279 834 3332 locis.
849 3279 946 3332 Sedulo
955 3281 1218 3336 animadvertendum
1227 3296 1281 3351 eat,

210 3361 290 3415 mide
311 3361 393 3414 aciem
416 3361 597 3413 Romanorum
612 3347 724 3431 impres:
767 3359 902 3430 quoamdo
913 3358 1028 3414 diversas
1044 3363 1122 3434 hujus
1135 3365 1208 3434 quasi
1222 3364 1280 3434 pic·

209 3443 283 3496 sione
296 3460 342 3494 sua
356 3441 569 3512 perturbassent,
584 3458 642 3493 eam
655 3459 723 3511 pene
766 3451 833 3492 ture
840 3453 926 3511 partes
934 3439 1207 3512 disponatSallnstins.
1215 3443 1282 3498 Post

208 3523 306 3577 victam
320 3520 459 3574 tradebant
474 3522 590 3592 expeditis
601 3520 722 3591 peditibus
765 3521 949 3574 transitionem
966 3517 1068 3582 (eodem
1089 3533 1191 3592 tempore
1213 3523 1284 3592 quud

207 3607 267 3664 ruis,
286 3601 341 3654 sive
356 3601 389 3653 iis
408 3601 454 3671 qui
470 3602 539 3652 inter
555 3612 655 3652 turmas
670 3619 721 3671 pn·
765 3600 1280 3673 Zamam...certabatur),ostenditprimo

205 3683 334 3752 gustant,
350 3680 405 3732 sive
421 3680 508 3731 forsan
531 3679 624 3731 ceteris
644 3679 720 3749 pedi·
764 3680 897 3734 Romanoa
913 3681 1039 3734 acerrime
1050 3682 1177 3748 nitentes,
1189 3693 1215 3734 et
1227 3701 1278 3753 pro

205 3762 293 3824 tibus,
316 3777 384 3831 quos
412 3769 472 3829 post
504 3758 651 3828 equitatum
678 3778 719 3812 se·
763 3777 790 3811 se
806 3779 937 3832 quemque
952 3759 1043 3814 eadem
1056 3763 1083 3813 vi
1099 3774 1279 3832 pugnantem,

204 3853 301 3911 qnutoa
326 3839 405 3892 baisse
428 3837 572 3890 verisimile
598 3851 645 3890 est.
675 3837 719 3892 Sic
762 3857 814 3910 qua
828 3841 850 3892 ai
866 3842 899 3892 ab
914 3859 1074 3912 unoquoque
1087 3841 1197 3894 victoria
1210 3860 1277 3912 pen·

202 3917 355 3990 intelligunt
368 3921 446 3970 aiem
460 3917 518 3969 dare
534 3916 619 3988 gallici
634 3917 718 3970 inter·
761 3915 850 3985 deret;
860 3919 958 3974 deinde
967 3919 1115 3992 oppidanos
1125 3939 1215 3992 parem
1230 3939 1276 3974 ea·

202 4011 297 4070 pratea.
312 3998 419 4053 corum
428 4016 494 4052 vero
504 3997 617 4068 intelligi
625 3997 715 4053 malit:
760 3997 882 4054 hibentes
901 4018 934 4056 ex
951 4001 1032 4055 altera
1047 4012 1123 4073 parte
1137 3999 1277 4056 fortitudi-
