2922 4642
217 409 330 458 xxxvi
463 385 694 456 NOTITIA
721 383 1052 452 LITTERARIA

217 534 388 616 repertum
405 519 440 586 in
464 518 613 588 cenobio
631 516 925 619 benedictinorum
943 515 1223 612 Martisburgensi
1237 523 1288 589 Jo.

218 629 335 696 Rivius
357 626 520 694 utendum
548 649 583 694 se
606 624 772 720 accepisse
792 637 931 694 testatus
951 637 1039 694 esta
1061 625 1104 693 G.
1128 624 1287 696 Fabricio.

218 735 299 802 Msti
324 735 375 802 sui
400 733 473 803 cod.
500 734 557 826 qui
583 733 727 804 Reinesii
751 729 831 800 olim
861 731 941 819 fuit,
967 732 1119 800 meminit
1142 733 1287 802 Conrad.

218 843 307 910 Sam.
317 839 569 909 Schurrllcisch.
589 837 715 932 praelat.
730 837 773 906 ed
786 837 938 932 orthogr.
955 835 1010 906 lat.
1024 839 1180 926 Quatuor
1191 839 1288 909 codd.

218 949 299 1016 Mss.
318 945 449 1016 Sallust.
463 944 681 1040 Tegncgelius
697 947 731 1013 in
746 943 898 1014 biblioth.
922 946 1091 1033 Caesarea3
1113 945 1289 1015 duodecim

217 1043 393 1124 Mediceos
406 1051 679 1122 laudatNorisius
691 1051 725 1121 in
734 1051 1098 1147 CenotaphiisPisanis,
1112 1076 1188 1147 pag.
1201 1051 1290 1142 463,

217 1174 330 1230 ternos
349 1161 451 1230 etiem
471 1184 579 1255 nuper
596 1157 743 1229 habebat
760 1157 839 1227 bibl.
852 1153 1132 1254 Rostganrdinna,
1153 1183 1186 1253 p.
1201 1158 1288 1246 464.

217 1267 336 1337 Habeo
346 1281 380 1336 et
391 1269 462 1362 ipse
472 1268 568 1335 binos
579 1266 655 1336 Sall.
669 1266 765 1336 codd.
779 1289 848 1334 non
860 1265 1136 1354 contemnendos,
1148 1267 1289 1362 scriptos

215 1376 251 1444 in
270 1374 485 1463 membrana,
505 1389 605 1468 atque
627 1375 662 1441 in
680 1374 734 1442 his
753 1397 858 1441 unum
881 1373 1154 1467 antiquissimum.
1177 1374 1289 1442 Ambo

215 1496 335 1551 nactus
354 1505 465 1551 sume
485 1478 564 1548 bibl.
578 1481 621 1549 V.
642 1481 680 1548 C.
700 1479 896 1574 Marquardi
911 1479 1023 1549 Gudii.
1043 1483 1096 1548 En
1113 1479 1228 1549 eadem
1246 1479 1289 1550 ad

216 1613 271 1658 mc
284 1601 511 1682 pervenerunt
521 1584 670 1680 quoque¹
686 1585 843 1656 lectiones
854 1586 998 1656 duorum
1012 1585 1108 1656 codd.
1123 1588 1288 1657 membra-

216 1719 398 1764 naceorum
412 1692 610 1763 cathedralis
619 1691 734 1763 eccles.
747 1695 937 1782 blemensis,
946 1715 1028 1788 quas
1041 1696 1189 1763 enotavit
1201 1693 1289 1763 idem

216 1803 268 1871 vir
291 1801 519 1888 doctissimus,
545 1814 684 1869 testatus
708 1802 856 1895 priorem
884 1800 993 1870 forme
1016 1793 1232 1896 oblongiore,
1251 1815 1290 1869 ut

215 1922 368 2001 quartum
389 1905 491 2002 paulo
512 1906 704 1996 excederet,
720 1910 890 2002 scriptum
914 1931 1003 1975 anno
1024 1929 1211 1995 mcnxvrm,
1238 1909 1288 1974 in-

215 2013 362 2084 dictione
383 2015 500 2109 prime.
522 2014 693 2083 Librarius
713 2037 838 2083 nomen
859 2039 956 2084 suurn
976 2014 1123 2109 prodidit
1139 2013 1193 2084 hie
1213 2037 1286 2082 ver-

216 2119 283 2190 bis:
298 2123 424 2193 Orines
434 2126 497 2216 qui
505 2121 627 2190 lecturi
634 2126 732 2209 estis,
747 2136 923 2218 oratepro
933 2121 1141 2190 Muttboeum
1151 2125 1290 2216 scripto

215 2251 304 2310 rem,
325 2245 367 2297 ut
379 2231 489 2298 Deum
503 2251 638 2324 semper
653 2228 1065 2325 lrabeatpropitiatoremz
1083 2225 1178 2296 Alter
1191 2251 1290 2295 mem·

215 2334 400 2406 branaceus
418 2337 455 2403 in
475 2349 613 2430 quarto,
643 2358 808 2404 annorum
831 2335 973 2430 amplius
992 2336 1288 2429 septingentorum.

217 2444 367 2512 Omnino
390 2441 515 2510 nullius
530 2440 625 2510 elius
652 2444 822 2537 scriptoris
842 2443 963 2510 veteris
985 2456 1036 2510 tot
1056 2440 1152 2511 codd.
1176 2441 1290 2536 scripti

215 2563 364 2637 exstant,
388 2572 490 2642 quam
513 2546 672 2636 Sallustii,
694 2563 729 2617 et
746 2549 890 2618 auctoris
910 2547 1072 2618 librorum
1096 2547 1138 2616 ed
1161 2551 1287 2616 Heren-

216 2655 340 2722 nium:
366 2653 456 2722 unde
478 2667 589 2747 patet,
615 2679 673 2723 cos
696 2653 801 2724 libros
822 2679 843 2723 a
868 2653 981 2725 multis
1007 2653 1110 2724 lectos
1135 2679 1226 2740 esse,
1251 2669 1288 2723 ut

216 2761 353 2854 opinor,
373 2773 512 2854 propter
531 2759 729 2830 brevitatem
746 2776 778 2829 et
794 2785 936 2832 acumen
951 2763 1110 2831 orationis
1123 2777 1157 2830 et
1173 2761 1286 2840 πάθοςε

216 2865 276 2935 sed
289 2890 329 2936 ca
342 2866 529 2958 frequentia
538 2865 776 2960 exemplarium
792 2871 921 2963 peperit
933 2867 1176 2938 multitudinem
1190 2891 1287 2936 men-

216 2973 354 3060 darum,
375 2970 576 3066 glossarum,
594 2971 905 3068 interpolationum,
926 3001 1000 3070 quae
1021 2975 1108 3045 etin
1125 2974 1199 3043 edd.
1220 2977 1286 3069 pri·

217 3081 281 3148 mis
305 3081 526 3175 reperiuntur.
543 3077 675 3151 Laudat
696 3080 836 3168 Quintil.
865 3086 912 3166 X,
936 3105 972 3169 r,
993 3107 1068 3177 pag.
1094 3080 1186 3170 886,
1208 3083 1287 3151 Sal·

216 3188 405 3256 lustianam
420 3184 616 3255 brevitatem
621 3240 633 3273 ,
656 3211 722 3281 qua
736 3187 816 3256 nihil
832 3189 922 3283 apud
939 3213 1037 3258 aures
1054 3211 1177 3257 vacuas
1189 3203 1288 3282 atque

217 3293 364 3362 cmditas
378 3294 482 3388 possit
499 3317 570 3361 esse
588 3293 783 3388 perfectius:
804 3310 837 3364 et
856 3319 932 3390 pag.
950 3301 1047 3390 914,
1063 3297 1288 3364 unctor-talem

216 3401 376 3471 Salltutii
393 3400 629 3486 velocitatem,
651 3425 751 3495 quam
767 3401 903 3471 diversis
921 3403 1099 3470 virtutibus
1118 3404 1232 3471 Livius
1246 3404 1287 3470 sit

216 3521 387 3578 assecutus
406 3533 413 3574 :
435 3523 547 3575 tamen
567 3507 755 3577 Conciones
773 3533 793 3576 a
814 3512 934 3604 Crispo
953 3509 1192 3604 frequentiores
1211 3507 1286 3577 lon·

215 3615 405 3709 gioresque,
436 3629 558 3708 atque,
588 3629 627 3682 ut
649 3617 714 3709 ipsi
739 3615 873 3709 quidem
903 3615 1050 3702 videtur,
1081 3615 1286 3710 insipidiores

216 3719 362 3791 historiae
379 3723 543 3815 inspersas
561 3721 699 3790 moleste
721 3723 785 3790 fert
803 3725 844 3792 V.
866 3725 904 3794 C.
924 3726 998 3793 Nic.
1015 3725 1151 3792 Hieron.
1170 3721 1285 3792 Gund-

215 3825 335 3923 lingius
355 3827 480 3924 praelat.
499 3828 541 3897 ad
559 3831 632 3900 Nic.
652 3829 824 3924 Burgundi
842 3831 919 3900 hist.
938 3829 1111 3926 belgicam.
1130 3831 1206 3898 Fuit
1221 3830 1285 3898 boc

256 4036 280 4072 1.
302 4019 368 4072 Tres
379 4019 459 4072 hosce
473 4018 552 4073 codd.
563 4039 633 4074 suno
654 4039 726 4091 ¹7²²
744 4019 859 4074 libenter
868 4021 928 4074 misi
941 4019 975 4076 ad
987 4021 1072 4075 Gottl.
1085 4009 1283 4094 Curtiumsqui

210 4099 263 4153 illis
276 4119 338 4154 ustis
352 4113 392 4152 cst
406 4099 440 4156 nd
452 4102 606 4174 preclarum
619 4119 692 4157 ruem
707 4097 770 4156 edit.
784 4101 900 4158 Sallustii
914 4099 1103 4158 edomandum.
