2950 4648
232 411 324 504 ,asa
626 415 906 486 sunnusrn

253 550 523 572 mmssmm
527 551 1310 574 Mmfflfflmmmmmmmmfflm

277 690 366 778 EX
405 691 714 783 LIVIANIS
752 692 1278 784 SUPPLEMENTIS

559 883 1004 984 FREINSHEMH3

655 1073 755 1186 LIB..
779 1073 897 1142 XCV.

503 1253 1050 1288 —----n-—--

252 1425 295 1492 ΙΙ.
329 1367 509 1494 Novum
528 1425 615 1492 inter
634 1423 705 1494 haec
722 1421 846 1494 bellum
864 1426 1062 1520 contemptis
1083 1425 1203 1510 initiis,
1227 1426 1310 1495 adeo

250 1529 370 1601 nullius
399 1531 525 1624 imperii
547 1545 618 1599 tuta
645 1529 697 1599 vel
720 1531 811 1600 domi
838 1534 984 1626 potentia
1005 1546 1074 1618 est,
1096 1533 1131 1599 iu
1152 1534 1310 1601 maximas

251 1636 353 1707 ltaliae
368 1633 568 1708 calamitates
582 1634 713 1706 evaluit.
733 1638 887 1726 Quatuor
909 1651 942 1706 et
960 1639 1166 1733 septuaginta
1185 1635 1310 1732 gladia-

253 1755 341 1813 tores
361 1746 484 1837 Capuae
506 1768 546 1811 ex
565 1740 642 1812 ludo
658 1747 719 1814 Cn.
741 1743 873 1813 Lentuli
884 1743 1124 1839 profugerunt,
1136 1742 1224 1813 Galli
1238 1741 1310 1837 ple-

253 1849 363 1942 rique,
390 1850 518 1945 pertaesi
543 1849 691 1944 pessimae
718 1849 830 1936 sortis,
857 1849 1023 1946 adquam
1049 1854 1111 1919 eos'
1124 1873 1193 1917 non
1215 1873 1310 1917 suum

253 1952 384 2050 aliquod
408 1954 530 2042 scelus,
553 1955 610 2024 sed
630 1957 783 2050 iniquitas
808 1957 935 2026 domini
958 1969 1121 2051 coegerat.
1143 1956 1187 2022 Hi
1209 1979 1309 2049 quum

254 2063 397 2132 verubus
415 2076 513 2156 atque
535 2063 733 2156 coquinariis
751 2061 866 2132 cultris
887 2087 906 2132 e
928 2064 1052 2159 popina
1069 2061 1231 2156 correptis
1254 2085 1311 2154 op·

254 2168 331 2262 pido
350 2171 550 2263 erupissent,
572 2169 605 2236 in
627 2166 774 2263 plaustra
794 2167 946 2264 quaedam
969 2168 1174 2253 inciderunt,
1194 2165 1312 2260 quibus

154 2351 164 2374 ο
256 2298 347 2344 arma
377 2273 568 2370 gladiatoria
597 2276 825 2369 portabantur.
851 2275 959 2370 Atque
984 2273 1029 2343 illi
1060 2271 1150 2342 velut
1178 2295 1312 2341 munere

255 2381 354 2450 deum
372 2380 490 2450 oltlatis
511 2383 611 2450 armis
624 2379 766 2469 alacres,
786 2383 820 2450 iu
831 2383 961 2452 munito
972 2380 1117 2475 quodam
1135 2377 1218 2448 colle
1236 2403 1313 2447 con·

257 2490 426 2570 stiterunt,
442 2487 579 2556 ducibus
590 2487 694 2558 tribus
705 2489 842 2576 creatis,
856 2489 941 2556 inter
954 2512 1037 2582 quos
1051 2489 1228 2580 Spartacus
1242 2486 1315 2552 emi

258 2593 494 2678 nebat,Thrax
507 2607 622 2688 gente,
633 2607 667 2661 et
681 2593 723 2662 ab
736 2595 870 2662 ineunte
884 2607 978 2661 aetate
991 2605 1122 2687 pastor;
1138 2589 1193 2659 sed
1206 2591 1316 2659 animo

257 2713 291 2768 et
309 2699 433 2769 viribus
456 2701 589 2792 ingens,
616 2699 775 2768 nonnulla
802 2723 933 2793 quoque
959 2697 1035 2767 belli
1059 2699 1199 2792 peritia,
1227 2693 1316 2790 quod

258 2806 343 2873 inter
364 2804 591 2898 stipendiarios
606 2804 820 2891 militaverat,
842 2803 997 2874 ferociam
1012 2805 1149 2898 arigisus
1162 2803 1317 2871 instituti·

258 2933 322 3004 que
334 2909 510 3004 prudentia
523 2923 557 2977 et
567 2911 792 2980 moderatione
805 2911 1024 3005 temperabat:
1036 2911 1133 2979 Uxor
1143 2909 1172 2977 ei
1182 2907 1319 2976 oriunda

260 3015 405 3085 indidem
423 3015 557 3101 aderat3
574 3037 646 3110 quae
660 3017 813 3086 Bacchici
827 3017 969 3086 numinis
990 3015 1121 3111 plenam
1140 3039 1174 3084 se
1194 3013 1319 3099 ferens,

260 3145 327 3217 quo
348 3123 492 3218 primum
507 3137 657 3218 tempore
676 3123 816 3192 Romam
831 3121 955 3192 venalis
976 3136 1026 3191 est
1045 3121 1224 3208 deductus,
1237 3143 1320 3190 con·

261 3243 374 3325 specto
392 3227 535 3298 dracone
551 3231 638 3298 circa
656 3227 850 3298 dormientis
863 3243 964 3323 caput
981 3229 1084 3298 instar
1096 3251 1228 3296 coronae
1240 3251 1320 3295 con-

261 3335 392 3424 voluto,
413 3360 567 3430 magnam
590 3337 662 3404 viro
678 3337 858 3431 potentiam
880 3333 1083 3432 praedixerat.
1100 3333 1244 3428 Cognito
1260 3332 1320 3400 ho·

262 3443 388 3513 minum
409 3439 563 3530 consilio,
588 3443 697 3512 statim
716 3467 756 3512 ex
778 3441 901 3537 oppido
926 3455 1091 3512 venerunt
1110 3441 1250 3528 armati,
1267 3439 1322 3533 qui

263 3574 319 3619 eos
341 3575 381 3618 ex
403 3549 481 3644 luga
502 3547 790 3644 reprehenderent.
810 3549 870 3618 His
890 3547 969 3618 fusis
992 3548 1199 3643 fugatisque,
1220 3569 1323 3640 quum

264 3655 368 3726 multa
384 3679 477 3724 arma
494 3654 647 3724 militaria
662 3656 841 3749 cepissent,
858 3654 994 3748 abjectis
1016 3652 1233 3749 gladiatoriis,
1252 3675 1324 3744 quae

265 3762 419 3850 oderant,
439 3759 494 3830 illa
516 3759 581 3830 laeti
598 3760 896 3856 gratulabmdique
917 3757 1159 3856 sumpserunt¹.

309 3946 332 3980 ι.
350 3927 436 3980 Peoat.
451 3925 580 3998 Panegyr.
597 3945 620 3980 c.
637 3944 715 3979 xxm.
733 3957 773 3970 -
816 3927 930 3998 Appian.
946 3925 1023 3980 Civil.
1042 3925 1059 3979 l.
1078 3943 1098 3978 t.
1111 3955 1152 3967 -
1163 3921 1235 3976 Plut.
1250 3919 1324 3974 Cras·

267 4006 325 4059 Liv.
339 4007 410 4078 Epit.
434 4007 612 4072 -Vellcius,
623 4023 661 4071 u,
675 4005 721 4060 30.
733 4037 774 4050 -
817 4023 856 4059 to.
871 4039 911 4048 -
924 4002 996 4060 mor.
1013 4021 1068 4070 111,
1088 4021 1132 4056 ao.
1154 4033 1195 4046 -
1212 3999 1323 4072 Appiae.

268 4085 378 4156 Euuop.
391 4085 409 4140 l.
423 4105 512 4142 vu—
525 4087 604 4142 Oros.
625 4105 656 4155 v,
673 4092 717 4152 ²4·
734 4117 775 4130 -
819 4085 890 4138 Plut.
