2950 4648
533 390 868 460 FRAGMENTA.
1153 402 1228 493 4¹9

224 525 386 617 Legiones
414 519 616 592 Valerianae²
645 537 834 620 comperto,
855 522 926 618 lege
951 523 1093 594 Gabinia
1118 529 1229 623 Bithy·

172 631 260 699 niam
282 644 315 698 et
334 631 474 698 Pontum
494 625 621 697 consuli
636 627 769 697 datam:
790 627 905 699 missos
919 655 998 698 esse.
1015 631 1110 700 Idem
1125 634 1167 702 ib.

224 739 348 829 Regem
362 735 586 803 aversabatur.
605 737 810 804 Armatam.

224 843 334 912 Ceteri
355 843 486 936 negotia
511 841 731 970 sequebantur
753 840 925 914 familiaria
949 839 1151 938 legatorum,
1173 863 1231 917 aut

169 949 399 1031 tribunorum;
413 959 446 1015 ct
461 971 538 1042 pars
550 971 609 1016 sua
616 931 883 1018 ³commcatibus
905 951 1068 1024 mercatis
1088 953 1178 1022 Non.

223 1057 267 1124 Et
282 1056 376 1123 uxori
394 1055 464 1146 ejus
484 1054 586 1124 irater
603 1039 703 1122 erat⁴.
720 1056 923 1128 Arusianus.

223 1163 358 1274 Saepe
336 1159 559 1230 celebritatem
578 1161 719 1228 nominis
740 1147 906 1254 intelligo⁵
929 1162 1108 1230 timentem.
1133 1167 1229 1234 Pru-

169 1274 257 1338 ciau.
281 1247 334 1336 lili.
352 1245 483 1336 XVIII.

224 1373 330 1443 Video
350 1373 492 1466 ingentia
511 1371 599 1440 dona
616 1373 789 1466 quaesitum
808 1375 855 1440 ire
871 1388 1114 1468 properantem.
1133 1377 1228 1446 Idem

168 1481 299 1551 ibidem.

223 1589 310 1656 Nam
325 1587 350 1654 si
372 1585 531 1678 Pompeio
553 1583 631 1678 quid
651 1584 786 1652 humani
801 1571 993 1654 evenisset⁶·
1009 1589 1175 1660 Αιιιιιὶιιι.

224 1693 355 1782 Quibus
373 1691 535 1760 decausis
557 1689 679 1760 Sullam
701 1693 734 1758 in
753 1693 892 1759 victoria
906 1691 1121 1782 dictatorem,
1144 1719 1230 1790 equo

169 1799 388 1883 descendere,
409 1797 468 1866 sibi
483 1799 539 1864 uni
551 1819 721 1890 assurgere
736 1796 777 1864 de
794 1795 892 1885 sella,
908 1813 1008 1893 caput
1032 1802 1158 1894 aperire
1173 1828 1227 1892 sp-

168 1906 289 1976 Iitum⁷.
308 1907 460 1987 Nuntius,
474 1907 690 1990 Arusianus,
712 1905 853 1974 Servus.

167 2109 273 2174 callus,
295 2125 373 2178 quem
394 2103 539 2158 Valeriana
561 2102 676 2173 legiones
721 2103 806 2154 tiones
832 2101 982 2168 conflabat,
1009 2106 1114 2159 Luculli
1142 2120 1229 2162 tamen

167 2201 259 2242 contra
275 2187 415 2257 Tigranem
430 2184 503 2255 sequi
514 2181 674 2235 abnuebant.
719 2183 809 2234 uxoris
822 2183 903 2234 irater
916 2195 979 2236 erat.

167 2269 209 2321 De
220 2268 266 2320 Br.
281 2285 307 2332 t,
323 2268 368 2336 78.
383 2295 424 2308 -—
437 2265 488 2316 Pro
498 2261 601 2316 contub.
610 2260 673 2314 vid.
760 2263 785 2313 5.
796 2263 909 2332 Intelligo
918 2267 1041 2316 linteatum.
1051 2264 1173 2337 lntettigo
1180 2269 1224 2338 qui

166 2349 229 2418 Jug.
243 2345 393 2410 XXXVII,
405 2363 432 2396 ιι.
449 2363 473 2397 a.
718 2341 828 2408 timeam
842 2342 960 2413 intelligo
977 2345 1120 2398 nonnullos
1133 2346 1226 2400 timere

210 2447 235 2480 a.
258 2429 373 2494 Leptam
395 2424 542 2476 tabum.
569 2419 675 2474 Eadem
717 2421 895 2474 celebritatem
910 2424 1035 2477 nominis.
1049 2423 1111 2478 ttae
1125 2426 1164 2476 De
1178 2427 1223 2479 Bt.

165 2525 226 2579 qua
239 2519 266 2558 et
279 2505 436 2558 Fimbriana
448 2501 525 2554 dicte
537 2499 672 2554 suntvid.
717 2519 743 2566 v,
759 2502 810 2566 53,
824 2502 963 2567 Catulum,
977 2521 1059 2573 quum
1072 2505 1156 2576 legem
1170 2505 1224 2558 Ga-

164 2587 213 2640 IIb.
237 2587 279 2650 11,
293 2604 321 2638 u.
339 2601 384 2637 ar.
400 2615 440 2626 --
457 2582 564 2634 Comuls'.
582 2581 674 2632 Manio
715 2581 816 2633 binium
838 2579 1013 2640 dissuaderet,
1038 2581 1073 2636 de
1096 2581 1223 2656 Pompeio

165 2666 253 2720 Acilio
265 2663 421 2726 Glabrioni,
432 2680 501 2715 auno
516 2662 582 2730 687.
595 2660 674 2714 lluuo
716 2658 848 2714 dicentem
860 2659 971 2714 inducit.

167 2746 253 2802 Cicer.
267 2764 317 2818 pro
332 2745 394 2816 Leg.
410 2743 483 2794 Mau.
497 2758 535 2804 ιι,
551 2759 598 2792 non
614 2743 674 2792 satis
757 2743 784 2794 6.
798 2741 828 2794 St
847 2743 961 2811 Pompeio
979 2742 1039 2814 quid
1056 2744 1153 2796 tatami
1170 2765 1222 2798 ινι-

165 2845 215 2878 esse
225 2837 338 2896 patariam
349 2823 384 2875 ad
395 2835 486 2874 tantum
497 2819 582 2872 bollion
595 2821 673 2872 aaut·
716 2825 795 2874 nasset.
810 2821 838 2874 Si
852 2821 911 2892 quis
924 2821 1101 2875 humanorum
1114 2841 1223 2880 casuum

165 2905 315 2958 numadum
327 2904 371 2958 ait.
385 2933 424 2946 --
437 2902 525 2954 Missos
539 2919 596 2953 esss.
603 2901 672 2953 Ver·
715 2899 871 2972 Pompeium
890 2901 1075 2973 intercepisset.
1091 2903 1153 2956 Hoc
1171 2905 1222 2962 fuit

164 2988 230 3040 bum
239 2984 320 3038 deest.
331 2983 434 3036 Scilicet
443 2981 540 3032 milites
549 2978 672 3032 dixerunt
714 2997 776 3051 pars
788 2979 905 3051 ejusdem
923 2982 1050 3034 orationis
1067 2984 1162 3038 Catuli.
1180 2987 1221 3039 De

165 3085 194 3122 ae
209 3066 301 3118 missos
310 3081 382 3128 ease,
396 3060 425 3114 id
442 3073 493 3124 est,
510 3072 672 3116 sacramento
715 3079 745 3112 es
766 3063 820 3130 jam
847 3059 962 3114 diximus
982 3063 1040 3128 ΙΙΙ,
1062 3081 1090 3115 ιι
1110 3063 1165 3129 32,
1188 3083 1221 3120 est

164 3145 273 3198 militari
280 3140 672 3214 ‚quodinLuculliverbaoom
714 3139 825 3192 Velleio.
846 3139 973 3193 Eamdem
986 3159 1042 3193 reru
1055 3157 1145 3196 narrat
1157 3144 1220 3197 Pla

165 3236 305 3298 ceperant,
317 3222 465 3284 exsolutos,
479 3219 603 3290 quoniam
617 3219 671 3270 Lu·
714 3219 818 3272 tarch'
811 3219 990 3290 mPosnpei03
999 3221 1057 3272 Val.
1069 3223 1140 3275 Idex.
1149 3239 1218 3289 vrrs,

165 3305 315 3376 uullusjam
327 3320 382 3356 nou
390 3314 451 3354 erat
464 3301 614 3371 imperator.
629 3296 671 3349 Ad
717 3300 762 3361 15,
778 3317 811 3366 9;
824 3311 850 3350 et
865 3299 920 3351 Cic.
935 3300 1203 3370 proLegIIau.1x.

164 3403 223 3438 um
239 3382 414 3437 deiectionem
431 3381 533 3432 animos
545 3375 671 3430 accende·
754 3395 780 3447 7.
801 3378 893 3446 Quibus
912 3379 942 3428 de
963 3383 1040 3430 causis
1041 3419 1097 3432 ......
1113 3383 1217 3436 saluum.

164 3465 249 3518 ratl’.
267 3463 312 3516 ille
329 3459 439 3518 Clodius
450 3459 515 3530 ,(9ιί
527 3469 617 3528 postea
631 3469 671 3510 tot
712 3456 839 3522 Quamvis
851 3459 892 3508 De
905 3457 950 3509 Br.
965 3473 995 3524 v,
1007 3459 1127 3522 53‚htsc
1138 3463 1218 3514 edant

164 3543 338 3598 seditionibus
346 3540 536 3611 rempublicam
545 3538 669 3591 turbarit.
713 3537 836 3590 Catulum
849 3536 883 3589 de
896 3537 1023 3608 Pompeio
1035 3537 1166 3593 dicentem
1179 3541 1218 3594 in·

207 3626 232 3677 3.
248 3625 311 3676 Pars
325 3641 378 3674 sua.
394 3621 456 3674 Scil.
469 3622 565 3689 negotia
580 3635 671 3689 seque·
712 3614 810 3680 ducat,
831 3615 936 3671 videtur
953 3618 1043 3689 potius
1060 3613 1070 3680 (
1080 3635 1111 3671 ex
1130 3620 1218 3675 verbis

165 3699 482 3757 υκαι-6099991119(
493 3701 609 3750 mro.
622 3697 672 3751 Ile·
712 3713 766 3749 star
779 3696 848 3762 urst)
861 3694 895 3749 de
915 3716 943 3750 se
959 3697 1018 3769 ipso
1034 3695 1124 3752 dicere
1136 3699 1215 3752 Pom·

165 3782 272 3856 dempta
290 3799 401 3854 operum
421 3779 575 3832 militarium
594 3795 670 3832 vaca·
711 3778 804 3849 peius,
824 3778 867 3831 cui
888 3778 987 3830 scilicet
1009 3775 1095 3830 adbuc
1115 3777 1216 3832 adoles·

165 3865 245 3918 tione.
258 3863 328 3915 Nota
338 3864 457 3920 masa,
468 3859 570 3930 passivo
583 3876 668 3911 sensu.
712 3859 782 3910 ceuti
796 3871 898 3916 tanturn
911 3857 1021 3911 honoris
1037 3858 1130 3912 habuit
1145 3859 1215 3932 Sylla

206 3952 231 4009 4.
250 3943 327 3996 Uxori
340 3943 390 4010 919
399 3942 482 4007 stater
492 3950 553 3991 emt.
566 3938 596 3990 P.
610 3937 671 3990 Clo·
712 3935 826 3990 dictator
842 3957 848 3991 :
867 3935 928 3990 vide
947 3937 1058 4008 Appian.
1074 3955 1103 4003 ι,
1123 3939 1173 4003 803
1191 3952 1217 3992 et

152 4021 239 4092 dius,
254 4022 300 4094 qui
314 4023 341 4074 in
355 4020 459 4074 Luculli
472 4019 588 4073 nescita
601 4015 670 4070 sedi·
712 4017 885 4071 Plutarchum
903 4018 931 4070 ia
949 4016 1085 4088 Pompeio.
1103 4019 1218 4074 Breviter

970 4122 1037 4219 η’
