2938 4654
590 382 880 452 JUGURTIIA.
1154 384 1228 472 243

168 513 397 602 accessissent,
415 513 461 582 ibi
479 536 560 583 vero
575 515 732 584 virtutem
751 513 940 602 ostendere,
952 528 986 583 et
1001 536 1057 584 eos
1075 539 1231 588 maxuma

168 621 200 686 vi
218 618 365 708 caedere,
377 618 515 689 {undere
536 635 634 715 atque
653 620 776 715 fugare.
797 622 934 690 Interim
954 619 1109 692 Metellus
1126 649 1231 718 quum

167 749 339 796 acerrume
353 751 426 797 rem
442 741 587 821 gereret,
604 728 783 797 clamorem
805 727 958 798 hostilem
972 729 1014 798 ab
1030 744 1123 824 tergo
1142 755 1233 800 acce·

169 833 237 926 pit:
251 831 344 922 dein,
363 859 523 904 converso
542 859 645 929 equo,
658 834 908 923 animadvortit,
921 835 956 904 su
980 837 1091 905 amad
1108 862 1142 906 se
1160 861 1233 907 vor·

170 963 241 1006 sum
269 938 362 1028 fieri3
390 965 463 1035 quae
490 931 542 1011 res
571 941 759 1031 indicabat,
784 941 961 1038 populares
1010 968 1090 1013 esse.
1125 946 1233 1039 Igitur

168 1046 351 1138 equitatum
379 1073 513 1117 omnem
540 1047 582 1117 ad
610 1063 720 1118 castra
743 1074 885 1144 propere
913 1050 1029 1138 mittit,
1056 1074 1094 1120 ac
1124 1052 1234 1120 statim

168 1153 206 1220 C.
234 1154 380 1222 Marium
411 1181 488 1224 cum
516 1157 710 1225 cohortibus
737 1157 923 1244 sociorum,
951 1181 1093 1250 eumque
1122 1155 1234 1226 lacru-

170 1282 263 1328 mans
289 1284 350 1354 per
375 1263 553 1332 amicitiam
579 1287 704 1358 perque
735 1261 974 1359 rempublicam
1001 1263 1175 1350 obsecrat,
1191 1284 1236 1332 ne

170 1389 269 1458 quam
288 1367 522 1438 contumeliam
549 1395 720 1439 remanere
751 1372 785 1438 in
809 1372 955 1439 exercitu
981 1369 1126 1456 victore,
1152 1393 1236 1438 neve

171 1469 282 1541 hostes
299 1473 424 1545 inultos
443 1463 554 1544 abirel
576 1479 669 1546 sinat.
690 1475 752 1545 Ille
771 1477 864 1546 brevi
887 1476 1043 1546 mandata
1061 1475 1172 1545 efficit
1192 1477 1237 1544 At

170 1579 332 1672 iugurtha
350 1583 557 1647 munimento
576 1596 761 1649 castrorum
785 1583 979 1672 impeditus,
994 1608 1096 1673 quum
1112 1579 1166 1648 alii
1183 1606 1236 1649 su·

170 1707 228 1778 per
241 1683 365 1752 vallum
380 1667 696 1778 praecipitarentur⁵,
710 1683 764 1752 alii
778 1685 813 1752 in
830 1685 989 1779 angustiis
1003 1687 1067 1779 ipsi
1081 1686 1142 1755 sibi
1160 1711 1238 1781 pro·

170 1805 322 1886 perantes
347 1790 541 1878 officerent,
561 1789 673 1859 multis
694 1791 841 1879 amissis,
864 1793 899 1858 in
926 1789 1000 1859 loca
1018 1793 1146 1861 munita
1169 1817 1239 1863 sese

171 1899 303 1992 recepit
326 1896 497 1982 Metellus,
517 1897 640 1966 infecto
659 1898 809 1990 negotio,
828 1911 1005 1991 postquam
1024 1923 1090 1968 nox
1108 1897 1240 1988 aderat,

171 2003 204 2070 in
225 2019 335 2073 castra
355 2029 432 2073 cum
448 2007 596 2073 exercitu
617 2003 807 2072 revortitur.

222 2113 313 2179 LIX.
337 2112 445 2204 Igitur
462 2125 597 2206 postero
615 2109 684 2198 die,
700 2111 792 2203 prius
806 2131 907 2202 quam
921 2109 963 2177 ad
978 2110 1241 2204 oppugnandum

172 2215 401 2310 egrederetur,
429 2219 612 2312 equitatum
641 2240 775 2284 omnem
800 2215 897 2283 inea
929 2229 1040 2310 parte,
1068 2241 1134 2310 qua
1154 2220 1240 2312 regis

171 2321 331 2392 adventus
353 2338 441 2410 erat,
463 2349 525 2418 pro
543 2323 658 2392 castris
676 2323 803 2416 agitare
820 2320 934 2413 jubet;
955 2321 1086 2416 portas¹
1107 2337 1141 2391 et
1162 2349 1239 2417 pro-

172 2453 271 2497 xuma
289 2429 363 2498 loca
381 2431 521 2499 tribunis
541 2429 709 2524 dispertit;
729 2426 847 2496 deinde
867 2429 936 2522 ipse
954 2430 1063 2522 pergit
1078 2428 1121 2497 ad
1140 2431 1238 2524 oppi-

172 2533 269 2622 dum,
291 2550 410 2630 atque,
428 2551 466 2604 ut
483 2538 654 2630 superiore
675 2533 747 2620 die,
766 2558 900 2602 murum
923 2535 1125 2630 aggreditur.
1145 2539 1239 2604 Inte-

172 2643 232 2711 rim
255 2643 422 2737 Jugurtha
443 2667 483 2710 ex
502 2641 634 2711 occulto
655 2655 792 2736 repente
813 2653 947 2709 nostros
962 2640 1100 2710 invadit.
1119 2641 1188 2730 Qui
1205 2645 1240 2712 in

173 2772 337 2842 proxumo
357 2747 454 2817 locati
476 2747 607 2818 firerant
616 2747 639 2836 ²,
657 2747 837 2843 paullisper
854 2748 961 2815 territi
979 2747 1239 2842 perturbantur3

174 2853 289 2948 reliqui
316 2855 381 2926 cito
404 2855 614 2924 subveniunt.
634 2857 752 2948 Neque
771 2853 892 2924 diutius
911 2853 1064 2942 Numidae
1088 2857 1240 2926 resistere

175 3053 294 3108 tudinem
305 3067 369 3106 tunc
378 3052 530 3120 ostendere,
538 3073 622 3126 quum
629 3056 684 3110 Nu·
727 3054 828 3106 Contra
843 3053 940 3119 active,
955 3055 1034 3110 Catil.
1045 3057 1154 3110 LVIII:
1166 3083 1177 3106 e
1189 3057 1239 3112 Ca·

175 3134 251 3188 naida
261 3135 373 3207 propius
384 3133 550 3188 accedebant.
726 3146 786 3188 rete
799 3135 872 3185 inulti
883 3134 964 3188 vitem
976 3137 1130 3192 amittatis.»

204 3217 241 3268 ·3.
254 3215 396 3285 Populares.
410 3215 569 3286 Suoeipeius
578 3215 683 3268 milites.
769 3213 794 3266 5.
815 3214 893 3284 Super
911 3214 1004 3266 vadum
1020 3220 1237 3286 praepritarertur.

174 3325 214 3337 -
227 3296 268 3347 Ae
281 3299 372 3348 statim.
387 3295 489 3366 Nempe
504 3295 565 3365 quia
581 3313 684 3347 resur·
726 3292 803 3363 Super
814 3293 907 3346 velim
925 3293 1111 3364 procedentes,
1132 3315 1149 3348 e
1167 3296 1237 3348 vello

175 3375 263 3444 gebat,
275 3375 365 3447 primo
378 3377 537 3447 equitatum,
548 3372 684 3427 nederusen
723 3377 940 3444 praemiarentur.

176 3467 235 3524 post
246 3455 407 3526 equitatum,
418 3455 540 3508 cobortes
551 3455 684 3508 sociorum
767 3453 832 3504 Car.
851 3453 922 3504 LIX.
948 3469 973 3505 ι.
991 3453 1090 3506 Portas.
1106 3453 1167 3508 Seil.
1182 3472 1238 3508 cae-

178 3531 210 3585 ad
229 3547 313 3587 ceam
334 3535 425 3588 mittit.
447 3535 536 3588 Statim
553 3553 616 3606 ergo
628 3553 702 3588 non.
726 3542 837 3584 horum.

177 3613 304 3679 abundet,
324 3627 356 3667 nt
374 3615 468 3668 leviter
489 3612 685 3669 attendentibus
770 3631 795 3664 a.
815 3612 866 3680 (lui
880 3613 905 3662 in
916 3629 1034 3681 proxumo
1048 3612 1239 3680 loeatr'sneranr.

176 3691 261 3746 rideri
274 3705 371 3766 poeset.
727 3691 782 3757 Qui
798 3689 949 3744 advenienti
967 3691 1106 3762 Jugurthn
1123 3693 1240 3764 proximi

215 3781 242 3836 4.
258 3775 352 3826 Ianitor
371 3774 443 3828 abire.
462 3775 565 3828 Innltoe
584 3775 686 3847 passive
728 3771 909 3825 laetanti-loc
922 3774 1181 3844 monemus,nequis
1191 3791 1241 3844 pu·

177 3855 302 3925 sumpsit,
315 3867 345 3908 nt
359 3853 453 3908 Horat.
470 3857 558 3910 Cum.
574 3873 600 3921 1,
613 3875 626 3908 2
638 3873 645 3909 :
729 3863 767 3905 tet
778 3850 844 3906 illud
860 3850 894 3905 de
906 3850 1000 3906 iisdem
1012 3850 1080 3916 dici,
1096 3851 1130 3906 de
1142 3853 1239 3924 quibus

205 3939 259 3986 Iton
268 3940 331 3986 eines
343 3939 636 4004 Medoe'eqniterer'nultoe
729 3950 809 4003 supra
823 3949 831 3986 τ
846 3933 937 3985 Portas
954 3945 980 3984 et
995 3952 1113 4003 procurro
1131 3928 1239 4006 (portis

265 4019 300 4064 're
311 4018 384 4074 duee,
395 4019 477 4066 Geren
729 4009 869 4078 videlieet)
885 4014 939 4066 lora
954 4012 1054 4066 triburis
1065 4013 1181 4084 dispertit.

986 4118 1053 4190 16²
