2938 4654
559 369 852 438 ruuunrnn.
1162 373 1233 472 257

178 499 227 568 dae
251 498 324 568 fuit.
347 497 536 594 Turpilius,
567 525 666 594 quem
693 502 886 597 praesectum
919 503 1033 598 oppidi
1061 529 1164 575 unum
1197 534 1238 578 ex

177 605 330 676 omnibus
356 605 540 701 profugisse
561 631 660 702 supra
684 609 904 696 ostendimus,
918 611 1028 703 jussus
1055 636 1075 679 a
1101 613 1237 684 Metello

178 735 327 782 caussam
338 711 467 800 dicere,
482 729 657 809 postquam
673 739 742 784 sese
754 739 872 810 parum
889 733 1068 812 expurgat,
1083 719 1237 790 condem-

179 833 274 888 natus
294 819 551 914 verberatusque
581 823 688 916 capite
710 847 823 917 poenas
847 809 980 892 solvit³:
1004 849 1080 893 nam
1106 827 1132 895 is
1159 829 1239 897 civis

179 948 221 993 ex
243 927 339 994 Latio
358 913 456 994 eratl.

232 1033 338 1100 LXX.
359 1034 422 1100 Per
442 1032 528 1100 idem
551 1047 680 1128 tempus
702 1031 881 1120 Bomilcar,
900 1036 993 1128 cujus
1017 1035 1159 1132 impulsu
1177 1041 1238 1108 Ju-

179 1137 300 1231 gurtha
321 1137 538 1225 deditionem,
551 1163 651 1233 quam
673 1155 764 1209 metu
782 1140 941 1230 deseruit,
959 1144 1146 1238 inceperat,
1165 1169 1237 1214 sus·

180 1257 294 1337 pectus
315 1246 404 1340 regi,
426 1260 459 1314 et
480 1248 551 1341 ipse
571 1271 646 1314 eum
666 1246 876 1342 suspiciens¹,
898 1271 1002 1318 novas
1024 1274 1075 1320 res
1099 1275 1239 1344 cupere,

179 1349 221 1418 ad
241 1352 419 1444 pumiciem
439 1352 509 1444 ejus
528 1351 640 1422 dolum
656 1377 820 1446 quaerere,
841 1353 896 1422 diu
918 1369 1084 1450 noctuque
1103 1355 1241 1450 fatigare

180 1457 335 1524 animum.
359 1460 511 1552 Denique
532 1461 644 1527 omnia
666 1459 843 1546 tentando,
866 1463 991 1530 socium
1011 1463 1071 1530 sibi
1092 1461 1243 1556 adjungit

180 1562 399 1651 Nabdalsam,
425 1564 593 1634 hominem
622 1565 787 1652 nobilem,
814 1570 942 1660 magnis
969 1569 1102 1662 opibus,
1127 1593 1242 1638 carum

180 1664 418 1764 acceptumque
440 1671 653 1766 popularibus
678 1675 771 1740 suis:
797 1674 853 1766 qui
873 1672 1068 1769 plerumque
1095 1699 1243 1745 seorsum

181 1774 222 1841 ab
241 1799 319 1871 rege
339 1779 519 1846 exercitum
542 1777 693 1866 ductare,
715 1791 748 1846 et
769 1803 883 1848 omnes
906 1805 958 1849 res
980 1783 1112 1875 exsequi
1130 1781 1243 1851 solitus

223 1977 249 2030 3.
270 1977 422 2048 Turpilius...
430 1982 597 2049 eapitepeenus
610 1979 689 2032 soluit.
733 1979 865 2030 verberari
876 1980 1000 2042 vetabunt
1013 1975 1090 2041 (vide
1100 1981 1177 2034 Catil.
1190 1984 1243 2052 LI,

181 2054 332 2127 Turpilium
342 2055 651 2128 innocentem,quamris
662 2055 690 2109 id
733 2063 760 2108 n.
780 2058 814 2110 38
837 2069 862 2110 et
888 2059 923 2128 39
938 2056 956 2122 ).
979 2058 1030 2112 Sed
1053 2071 1140 2112 tamen
1162 2063 1243 2116 refert

181 2153 235 2187 non
251 2133 321 2188 dieat
337 2149 443 2196 noster,
458 2138 512 2190 sola
528 2138 607 2189 Marii
621 2137 690 2188 invi·
733 2135 793 2190 vat.
810 2137 879 2189 Max.
900 2155 937 2202 rr,
957 2157 988 2207 7,
1012 2157 1060 2204 ru,
1078 2141 1241 2210 superiorem

181 2212 224 2266 dia
236 2213 383 2286 perdidisse
392 2214 499 2270 videtur
506 2255 514 2282 ‚
522 2235 554 2270 ex
563 2218 619 2287 ejus
629 2235 689 2286 per·

181 2294 250 2346 nicie
267 2293 386 2347 dolorem
407 2297 548 2368 querentis
564 2296 689 2361 Metello,

182 2375 256 2443 cujus
274 2387 400 2445 paternus
423 2375 518 2447 hospes
538 2387 564 2428 et
590 2375 690 2428 amicus

181 2465 236 2505 erat
247 2453 393 2525 Turpilius.
405 2455 490 2526 Igitur
500 2455 601 2508 Marius
608 2449 619 2516 (
626 2467 690 2508 teste

182 2531 251 2586 Plut.
266 2533 294 2585 in
305 2535 361 2604 ejus
370 2533 437 2596 vita)
447 2535 587 2606 plerosque
596 2553 690 2589 eorum

181 2614 227 2682 qui
246 2613 275 2664 in
294 2613 404 2666 consilio
423 2613 548 2668 sedebant
566 2613 690 2668 adversus

180 2691 318 2745 bominem
341 2693 377 2746 ita
399 2696 559 2760 concitavit,
580 2706 610 2746 ut
632 2691 689 2746 Me·

182 2773 259 2824 tellus
274 2791 337 2824 eum
352 2774 450 2826 invitus
469 2772 596 2827 damnare
614 2791 690 2845 coge·

181 2863 264 2904 retur.
293 2849 344 2905 Sed
369 2867 506 2925 comperto
527 2854 609 2924 paulo
630 2865 691 2924 post

181 2949 242 2984 eum
263 2944 336 2984 extra
360 2933 465 3004 culpam
490 2933 584 2997 luisse,
604 2934 690 3004 gravi·

181 3025 274 3082 terque
290 3011 435 3065 ferentibus
452 3011 560 3064 Metello
576 3025 602 3064 et
622 3025 690 3065 cete·

181 3091 231 3156 ris,
245 3093 383 3144 laet'abatur
395 3091 511 3160 Marius,
525 3111 573 3146 nec
585 3093 692 3145 erubuit

183 3169 319 3236 dictitare,
328 3191 355 3224 se
366 3173 446 3225 furius
456 3171 599 3243 hospitales
608 3172 691 3243 impe-

182 3250 249 3322 gisse
269 3249 398 3304 Metello:
417 3255 459 3304 siu
477 3254 596 3322 ᾐσχύνετο
614 3253 691 3321 λέγειν

176 3325 280 3401 ἱρηριῖιίιν
287 3369 295 3395 ,
303 3333 334 3390 ὣς
343 3334 415 3392 αὐτὸς
424 3333 459 3388 εἴη
470 3333 690 3404 προστετριμμένος

183 3411 310 3481 ἀλάστορα
338 3419 374 3482 τῷ
400 3415 517 3481 Μετέλλῳ
545 3413 691 3474 ξενοκτόνον.

183 3488 249 3542 Inde
266 3501 367 3561 apertas
379 3493 433 3561 jam
448 3491 599 3544 inimicitias
619 3509 692 3544 exer-

183 3583 305 3622 currunt.

225 3655 250 3711 4.
265 3649 362 3702 Names
376 3653 432 3701 ciuis
445 3670 474 3701 ex
485 3649 556 3703 Laeto
570 3663 629 3702 erut.
642 3647 692 3702 Hie

183 3725 691 3800 dicerevideturSallustiusTurpilium‚

184 3810 205 3861 si
214 3811 419 3874 nemausense
427 3807 550 3874 exterio,
558 3810 622 3862 civis
630 3809 693 3862 suis·

185 3901 234 3953 set,
244 3890 425 3960 poenascapite
432 3887 556 3942 daturum
563 3909 617 3942 non
627 3889 690 3941 fuis·

186 3985 219 4019 se.
230 3969 264 4021 Et
275 3967 383 4039 quidem
394 3970 463 4040 leges
475 3969 566 4023 Porcia
581 3983 607 4022 et
619 3969 691 4021 Sem·

186 4048 280 4116 pronis
289 4048 375 4101 civem
389 4067 529 4102 romanum
545 4049 631 4103 necari
647 4059 692 4102 aut

345 4147 360 4178 ss

734 2215 887 2268 Africanum
900 2213 997 2288 (longe
1008 2229 1067 2288 post
1078 2217 1161 2289 legem
1176 2219 1242 2272 Por-

733 2294 800 2348 ciam
820 2293 917 2359 latam)
936 2301 1040 2366 gravius
1061 2298 1087 2348 iu
1110 2300 1242 2352 Romanos

733 2391 811 2444 quam
835 2375 863 2426 in
885 2375 994 2427 Latinos
1016 2377 1160 2447 transfugas
1185 2381 1242 2430 ani·

733 2447 1242 2524 madvertisse.«Hosenimfflomauod,

733 2534 837 2606 inquit,
858 2545 982 2605 tanquam
1003 2536 1095 2606 patrias
1119 2536 1244 2606 fugitivos

733 2613 855 2666 crucibus
868 2613 965 2678 affixio
978 2614 1036 2667 illos
1044 2609 1180 2679 (Latinos)
1189 2631 1244 2670 tan·

733 2711 811 2763 quam
834 2691 950 2764 perfidos
972 2695 1055 2746 socios
1078 2696 1163 2748 securi
1182 2717 1243 2769 per·

733 2773 838 2826 cussit·
850 2773 907 2825 Nisi
917 2773 976 2844 quis
987 2785 1064 2846 putet
1073 2775 1192 2829 Porciam
1206 2779 1243 2829 le-

733 2871 792 2923 gem
801 2853 1244 2928 incastrisnouraluisse35empro·

733 2933 820 2994 niam,
830 2933 915 2984 multo
926 2934 1113 2998 recentiorem,
1125 2937 1242 2991 valuisse.

733 3013 782 3076 At,
796 3012 896 3084 reipsa,
911 3025 1004 3065 neutra
1019 3013 1056 3065 ibi
1074 3015 1164 3069 valuit.

775 3091 839 3144 co.
854 3089 938 3144 LXX.
959 3110 980 3144 r.
995 3092 1138 3165 Suspicieus.
1151 3095 1245 3167 Suspe-

734 3183 805 3224 ctum
826 3171 933 3226 habens.
955 3172 1023 3224 Nota
1045 3173 1117 3226 hunc
1136 3193 1243 3228 sensum

734 3249 808 3304 verbi
820 3255 948 3319 suspicere,
965 3249 1037 3320 quod
1049 3253 1128 3322 vulgo
1141 3267 1178 3307 est
1189 3274 1243 3306 sur-

734 3350 785 3382 sum
802 3335 912 3400 aspicere.
936 3328 988 3382 Sed
1008 3331 1143 3385 venustior
1163 3334 1242 3386 simul

735 3423 761 3462 et
770 3409 867 3480 J'ustior
882 3407 1026 3478 oppositio,
1042 3423 1161 3479 suspectus
1175 3416 1241 3480 regi,

735 3501 759 3540 et
772 3494 881 3558 ipserum
894 3491 1031 3556 suspiciens,
1045 3490 1154 3558 quamsi
1164 3489 1244 3544 dixis·

735 3581 795 3633 set,
813 3579 956 3636 suspectans.
979 3565 1105 3636 Suspectus
1126 3569 1197 3621 enim
1217 3583 1243 3622 et

735 3650 876 3718 suspiciens,
893 3647 926 3698 ab
936 3665 991 3700 uno
1002 3645 1147 3717 eodemque
1160 3649 1242 3702 verbo

735 3739 814 3794 sunt,
838 3727 889 3779 boc
920 3727 1026 3797 agendi,
1044 3725 1111 3780 illud
1134 3729 1245 3797 patiendi

736 3802 825 3860 modo.
849 3807 942 3878 Neque
966 3825 1030 3862 vero
1051 3808 1112 3860 binc
1138 3808 1243 3878 colligas

736 3888 834 3959 ubique
852 3891 1012 3958 suspiciemem
1028 3885 1081 3940 dici
1094 3905 1183 3958 posse,
1202 3892 1244 3959 qui

735 3973 874 4039 suspiratur,
896 3967 946 4021 Hic
964 3979 1068 4038 tantum
1084 3985 1116 4019 ex
1134 3966 1242 4040 opposi·

736 4048 809 4100 tione
821 4047 919 4099 lumen.

1016 4177 1057 4246 ¹7
