2938 4654
228 438 301 484 nan
463 412 500 480 C.
536 409 719 480 CRISPI
754 409 1045 478 SALLUSTII

226 547 262 616 in
288 543 418 638 agmine
439 565 572 611 servum
593 554 652 610 eut
670 540 857 634 jumentum
877 541 1015 611 heberet
1027 539 1054 609 ²:
1072 545 1190 613 ceteris
1218 559 1288 616 arte

228 650 365 720 modum
387 633 566 717 statuisse³.
588 650 749 717 Preteree
768 650 964 718 transvorsis
981 649 1153 718 itineribus
1176 653 1288 744 quoti·

194 805 199 816 .
227 757 281 826 die
301 770 409 825 costra
429 779 580 840 movere,
594 754 688 847 juxta
704 778 744 822 ac
764 755 792 823 si
809 753 920 823 hostes
941 753 1108 842 adessent,
1126 753 1214 825 vallo
1235 772 1289 826 at·

228 887 293 957 que
315 862 402 932 fossa
421 862 570 947 munire,
588 859 715 955 vigilias
740 859 872 930 crebras
893 885 1036 955 ponere,
1058 875 1092 929 et
1117 863 1186 956 ipse
1211 887 1289 932 cum

229 969 345 1064 legatis
363 969 555 1037 circumire:
572 968 651 1036 item
666 969 701 1034 in
715 967 861 1061 agmine,
875 969 910 1035 in
926 969 1040 1062 primis
1057 967 1173 1055 modo,
1189 969 1289 1038 modo

229 1077 264 1143 in
285 1075 476 1170 postremis,
495 1097 580 1167 saepe
602 1073 635 1140 in
653 1071 761 1142 medio
780 1072 909 1160 adesse;
928 1099 971 1142 ne
991 1075 1289 1168 qtrispiamronline

230 1180 460 1276 egrederetur,
480 1181 626 1248 uticum
648 1180 747 1273 signis
769 1179 955 1274 frequentes
973 1178 1179 1268 incederent,
1197 1179 1289 1250 miles

230 1287 342 1356 cibum
359 1302 393 1356 et
412 1309 504 1355 erma
522 1299 677 1380 portaret.
696 1288 749 1354 Ite
770 1285 976 1380 prohibendo
994 1309 1014 1353 o
1031 1273 1172 1376 delictis,
1186 1289 1289 1382 magis

230 1418 330 1490 quem
350 1391 567 1480 vindicando,
583 1393 762 1461 exercitum
784 1393 877 1462 brevi
898 1392 1114 1462 confirmavit.

283 1502 407 1569 XLVI.
426 1501 556 1566 Interea
570 1497 750 1592 iugurtha,
765 1497 838 1584 ubi,
848 1523 921 1593 quae
934 1498 1087 1568 Metellus
1099 1499 1234 1594 agebat,
1247 1525 1290 1569 ex

231 1607 359 1674 nunciis
381 1605 524 1698 accepit,
539 1602 635 1672 simul
656 1603 698 1672 de
719 1603 929 1674 innocentia¹
949 1606 1019 1698 ejus
1038 1607 1157 1675 certior
1176 1605 1291 1676 Romae

234 1711 356 1796 factus,
371 1709 522 1779 diffidere
543 1711 610 1778 suis
629 1709 726 1780 rebus
747 1735 754 1778 τ
774 1735 813 1779 ac
831 1726 902 1781 tum
920 1711 1053 1782 demum
1075 1737 1188 1780 veram
1206 1712 1292 1782 dedi-

232 1821 357 1886 tionem
372 1815 480 1885 lacere
494 1829 632 1884 conatus
645 1830 703 1885 est.
719 1819 825 1911 Igitur
838 1817 962 1913 legatos
975 1818 1018 1886 ad
1033 1817 1201 1888 consulem
1215 1844 1292 1890 cum

233 1923 398 2019 suppliciis
408 1920 418 1946 ²
429 1923 544 2006 mittit,
556 1923 613 2017 qui
622 1923 851 1994 tantummodo
862 1926 924 2019 ipsi
934 1923 1107 2020 liberisque
1118 1927 1221 1994 vitem
1236 1950 1290 2019 pe-

275 2140 301 2173 s.
317 2117 413 2172 Servum
434 2128 478 2168 aut
485 2119 617 2186 jumentum
637 2116 741 2168 labent.
786 2118 893 2171 Catilio.
908 2119 972 2169 LIX
988 2118 1111 2190 :Reliqua
1125 2122 1196 2188 signa
1211 2118 1291 2172 artius

232 2199 369 2254 Salmasius
383 2195 418 2250 ad
437 2195 522 2268 Spart.
545 2193 655 2247 Adrion.
672 2213 740 2257 1111,
785 2197 895 2250 collocat.
919 2197 953 2250 Et
973 2199 1077 2268 passim.
1098 2197 1183 2250 Mirus
1200 2217 1292 2250 eorum

237 2306 248 2328 ι
261 2276 535 2346 Servorum,inquit,
548 2275 576 2326 in
591 2275 681 2327 cestris
697 2293 742 2326 ro·
785 2295 880 2343 error,
906 2277 952 2348 qni
975 2277 1182 2347 interpretantur
1205 2295 1290 2342 aare,

234 2360 419 2428 manismagne
434 2352 592 2420 multitudo,
602 2355 742 2422 calonum,
785 2375 841 2408 arec
857 2357 957 2408 anese.

233 2442 356 2512 inquam,
371 2437 535 2506 lixarumque
538 2471 584 2486 .....
592 2432 626 2484 Hi
640 2451 689 2504 per
700 2434 742 2484 in·
824 2436 887 2488 Cur.
899 2435 997 2488 xnvL
1013 2454 1035 2487 ι.
1047 2437 1196 2489 Innocentio,
1210 2435 1291 2488 Pecu·

233 2520 335 2573 ennam
353 2515 499 2586 disciplima
515 2531 611 2583 magno
629 2531 742 2564 nomem
785 2515 1291 2588 niteabstinentia.0pponituravaritioe.

234 2601 262 2651 in
278 2609 361 2652 wne
376 2613 479 2666 semper
491 2591 608 2656 inducti,
621 2592 669 2662 qui
681 2609 741 2643 mu·
785 2592 856 2646 Vide
869 2594 945 2646 Catil.
962 2595 1035 2659 LIV,
1050 2615 1077 2648 n.
1094 2613 1133 2648 ιι.

234 2673 524 2741 nasfacerent,rallum
533 2683 681 2743 portarent,
692 2671 743 2723 los·
827 2693 854 2726 s.
869 2673 930 2726 Cum
944 2675 1075 2746 suppliciis.
1093 2677 1125 2727 ln
1142 2675 1220 2728 Catil.
1237 2676 1292 2740 LI,

234 2775 290 2810 sam
302 2754 436 2808 (lucerent.
452 2751 589 2804 Prioribus
598 2767 659 2802 sane
679 2761 743 2802 tem·
784 2754 900 2824 supplicia
915 2751 983 2807 dixit
1006 2755 1211 2826 supplicantium
1231 2773 1291 2825 pre·

234 2836 359 2908 poribus,
368 2845 395 2886 et
408 2844 493 2884 statne
507 2829 592 2884 adhuc
604 2827 742 2900 disciplina
785 2851 835 2885 ces.
854 2831 904 2886 Hie
919 2834 1077 2905 interpretes
1090 2853 1181 2887 omnes
1193 2835 1292 2886 intelli-

235 2910 570 2975 rariinoestrisservi,nec
580 2907 743 2980 nisidignio·
784 2923 850 2983 gunt
861 2931 916 2964 non
930 2911 1013 2965 modo
1034 2933 1139 2985 preces,
1151 2911 1197 2967 sed
1212 2914 1292 2967 etiam

235 3013 296 3048 rum
306 2992 405 3046 ducum
423 2991 657 3060 tribunorumque
671 3002 742 3060 post·
785 3009 890 3044 omnem
912 2993 1062 3064 supplicum
1076 3006 1247 3066 apparatum
1263 2995 1292 3046 in

236 3093 266 3128 ee
279 3091 342 3126 vero
356 3071 505 3124 labentibus
522 3069 640 3121 moribus
653 3069 741 3140 plnres
785 3089 838 3142 quo
846 3073 979 3144 precipue
988 3086 1044 3126 erat
1052 3091 1139 3126 ninus
1148 3075 1223 3126 olive
1232 3074 1293 3126 lana

235 3173 304 3227 pene
320 3152 386 3206 servi
400 3167 478 3222 φιιιιι
496 3149 603 3214 milites,
615 3149 651 3200 ita
665 3161 694 3201 ut
708 3168 742 3201 ne
785 3149 896 3204 candida
905 3149 1097 3219 circumdatus,
1107 3153 1293 3209 Graeisissnl-

236 3233 368 3306 gregarius
392 3228 500 3303 quidem
523 3229 591 3282 nllus
612 3229 668 3281 sine
690 3247 743 3281 ser·
784 3227 1289 3305 prormddorNid.Soph.OEdip.Ty1-.

234 3333 278 3368 vo.
291 3339 302 3360 ι
320 3314 403 3365 Antea
421 3327 527 3382 quoque
543 3309 594 3362 hoc
610 3309 708 3361 malum
726 3327 742 3361 e
784 3329 850 3364 vers.
868 3313 894 3376 3,
907 3313 953 3364 nbi
966 3313 1117 3366 scholiastes
1127 3331 1134 3366 :
1144 3314 1250 3383 Στέμμα
1260 3308 1290 3364 «li

235 3393 325 3448 eastris
351 3393 404 3445 suis
425 3389 570 3454 reciderat,
588 3391 741 3459 jumentaque
785 3391 837 3443 ieri
847 3393 1069 3463 τὸπροσιιλημένον
1082 3395 1142 3464 ipsos
1154 3399 1189 3461 τῷ
1200 3397 1291 3460 θαλλῷ.

235 3477 329 3535 omnic,
345 3482 541 3524 metonomiam
556 3471 663 3527 militem,
680 3487 742 3520 ven·
784 3469 864 3524 Unde
878 3471 973 3541 Virgil.
990 3475 1050 3524 AEn·
1061 3491 1103 3536 ιι,
1122 3489 1188 3524 roo:

235 3553 339 3608 diderit
351 3552 488 3604 Asrlcanus
501 3549 606 3609 minor,
621 3560 686 3602 teste
697 3548 741 3600 Ll-
783 3565 956 3620 Jamqueontores
966 3569 1046 3606 aeleram
1055 3581 1078 3607 es
1089 3569 1138 3607 urbe
1150 3567 1210 3605 latiae

235 3635 272 3688 vll
285 3633 416 3704 epitome,
430 3647 497 3682 nvn.
783 3627 848 3666 vet-u
858 3631 916 3668 ramis
930 3626 978 3666 olea
991 3629 1108 3680 veniamque
1116 3638 1213 3680 rogantes.

276 3706 740 3767 3.Ceterr'sartemoduraetatuisse.Aliis
782 3707 857 3762 Idem
871 3727 926 3772 vn,
942 3709 1018 3779 ²37:

234 3811 313 3868 quam
334 3787 458 3862 gregum
481 3786 625 3852 militibus,
648 3799 739 3837 amm
783 3789 1290 3844 Prnierimumenibosvittesetrerlssprecutu.

235 3875 328 3927 modum
340 3872 426 3923 statuit
437 3885 525 3920 servos
535 3879 561 3918 et
573 3869 691 3935 jumenta
702 3885 739 3918 ae-
782 3869 850 3920 Item
859 3869 917 3921 Liv.
931 3885 1009 3932 mx,
1018 3871 1050 3921 16
1060 3885 1066 3920 :
1081 3893 1091 3916 ι
1103 3869 1200 3921 Decem
1210 3869 1290 3940 legati

233 3973 294 4011 cnm
313 3947 445 4014 ducendi,
465 3944 494 3998 id
508 3958 559 4009 est,
574 3944 691 4015 providit
709 3959 739 3998 ut
781 3947 969 4010 Locrensium,
983 3947 1062 4000 obsiti
1071 3949 1191 4019 squalore
1199 3962 1227 4001 et
1234 3967 1291 4002 son·

232 4051 311 4106 φιιιιι
328 4029 495 4102 paucissimos
509 4023 644 4078 ducerent.
659 4027 734 4086 Arre,
782 4025 908 4093 dibus,in
917 4027 1025 4080 comitio
1034 4026 1185 4080 sedentibus
1194 4047 1290 4082 consu·

231 4129 281 4185 pro
291 4123 370 4172 mre,
381 4125 509 4179 usurpare
516 4105 582 4160 solet
590 4104 736 4160 Sallustius.
780 4105 849 4160 libus
868 4107 1014 4162 velamenta
1024 4108 1189 4179 supplicum,
1199 4128 1288 4163 ramos
