2950 4648
421 363 491 433 DE
517 363 627 432 REP.
656 363 983 434 ORDINANDA.
1156 369 1232 464 479

175 509 319 580 cumque
337 487 371 556 in
388 511 447 556 sua
464 488 596 556 civitate
611 485 752 582 amplior
768 485 988 580 illustriorque
1009 483 1121 572 locus,
1134 512 1233 582 quam

107 627 111 634 ·
175 590 248 660 aliis
268 607 335 680 est,
351 595 381 662 ei
396 617 550 688 magnam
570 617 684 662 curum
702 616 772 662 esse
787 591 983 688 reipublicae.
997 594 1083 662 Nam
1099 597 1233 684 ceteris,

176 696 267 766 salva
287 699 388 788 urbe,
409 699 638 768 tantummodo
658 697 792 768 libertas
807 714 879 768 tuta
898 713 962 787 est;
981 700 1037 792 qui
1052 724 1111 792 per
1126 701 1233 770 virtu-

176 818 244 872 tem
266 804 328 874 sibi
342 805 488 892 divitias,
506 805 624 892 decus,
643 804 804 874 honorem
830 819 1045 900 pepererunt,
1064 805 1121 874 ubi
1141 807 1235 901 paul-

176 907 246 978 lum
258 910 413 982 inclinata
425 909 611 1006 respublica
625 912 740 1005 agitari
749 913 864 1006 eoepit,
873 910 1096 1005 multipliciter
1105 914 1233 984 animus

76 1033 82 1043 “
176 1017 264 1086 curis
280 1031 379 1112 etque
398 1018 566 1086 laboribus
583 1016 753 1112 fatigatum
773 1032 830 1086 aut
852 1016 1007 1112 gloriam,
1027 1031 1085 1084 aut
1102 1016 1233 1088 liberta-

174 1135 262 1206 tem,
277 1139 334 1193 aut
353 1149 422 1194 rem
443 1123 656 1208 familiarem,
674 1123 841 1208 defensat,
855 1123 1009 1192 omnibus
1029 1122 1108 1192 loeis
1121 1124 1234 1213 adest,

174 1227 324 1318 festinam
338 1245 462 1325 quanto
481 1232 515 1298 in
526 1229 677 1300 secundis
693 1230 792 1300 rebus
808 1229 978 1298 florentior
996 1227 1078 1314 fuit,
1092 1243 1185 1300 tanto
1199 1235 1233 1301 in
1312 1235 1320 1250 '

174 1333 322 1408 adversis
342 1339 488 1432 asperius
507 1338 676 1432 magisque
697 1337 791 1404 anxie
807 1337 916 1431 agitat.
932 1335 1038 1428 Igitur
1050 1335 1108 1402 ubi
1121 1334 1233 1430 plebes

175 1444 321 1527 senatui,
348 1445 441 1512 sicuti
463 1467 584 1537 eorpus
608 1444 736 1530 animo,
762 1442 895 1528 obedit,
923 1441 1058 1535 ejusque
1084 1442 1234 1511 consulta

174 1550 382 1641 exsequitur3
397 1564 506 1644 patres
519 1546 656 1619 consilio
679 1547 789 1616 valere
806 1547 921 1632 decet,
939 1547 1063 1642 populo
1082 1571 1233 1642 superva-

174 1675 277 1722 canea
303 1669 352 1724 est
375 1654 540 1724 calliditas.
565 1657 683 1748 Itaque
704 1655 845 1747 majores
868 1657 990 1735 nostri,
1013 1679 1116 1747 quum
1141 1653 1233 1724 bellis

174 1763 376 1852 asperrumis
400 1775 648 1855 premerentur,
674 1762 783 1854 equis,
805 1762 898 1846 viris,
930 1762 1069 1854 pecunia
1095 1762 1234 1847 amissa,

174 1889 356 1959 numquam
374 1867 492 1936 defessi
507 1881 583 1936 sunt
597 1867 715 1936 armati
723 1867 764 1935 de
778 1867 917 1961 imperio
930 1881 1065 1935 certare.
1077 1868 1156 1935 Non
1169 1869 1235 1936 ino

175 1971 230 2064 pia
247 1974 369 2060 erarii,
386 1998 453 2042 non
472 1975 521 2042 vis
542 1973 706 2060 bostium,
728 1997 796 2042 non
815 1972 952 2041 adversa
972 1997 1042 2059 res,
1066 1973 1233 2066 ingentem

174 2101 291 2146 eorum
313 2081 460 2150 animum
479 2079 625 2173 subegit,
642 2080 741 2172 quin,
760 2103 832 2172 quae
852 2079 974 2146 virmte
989 2094 1166 2172 ceperant,
1187 2082 1231 2147 si·

175 2183 244 2252 mul
260 2209 337 2254 oum
353 2187 461 2256 anima
478 2187 667 2254 retinerent.
690 2187 798 2278 Atque
816 2208 856 2252 ea
876 2185 980 2277 magis
999 2183 1138 2253 sortibus
1159 2209 1234 2254 con·

128 2317 132 2332 ·
176 2287 274 2378 siliis,
287 2315 387 2386 quarn
409 2292 503 2362 bonis
517 2289 655 2388 praeliis,
673 2304 803 2383 patrata
815 2304 901 2359 sunt.
916 2291 1048 2384 Quippe
1061 2289 1149 2384 apud
1161 2289 1233 2362 illos

175 2419 243 2464 una
257 2398 441 2493 respublica
457 2411 542 2486 erat,
555 2399 583 2466 ei
605 2419 720 2464 omnes
742 2395 978 2483 consulebant3
1000 2395 1100 2464 saeuo
1119 2411 1233 2466 eontra

175 2501 287 2573 hostes
311 2505 511 2599 parabatur;
533 2527 654 2598 corpus
676 2516 775 2596 atque
799 2503 985 2596 ingenium,
1008 2504 1140 2595 puttiae,
1166 2529 1232 2572 non

175 2631 243 2676 suae
255 2611 392 2704 quisque
410 2611 580 2705 potentie,
597 2608 806 2678 exercitabat
824 2611 868 2676 At
883 2607 948 2676 hoc
967 2622 1136 2702 tempore,
1152 2635 1234 2678 con-

177 2798 320 2855 defensuri.
332 2801 417 2873 Igitur
430 2799 683 2862 incivitatibusuhi,
726 2795 862 2852 reddenda
872 2797 982 2851 senatui.
998 2797 1154 2866 Quomodo,
1166 2799 1235 2855 dicet

177 2880 684 2947 siuutllomn,constitutusestsenutus,
727 2878 885 2949 insequenti
898 2877 1034 2950 eapite-
1042 2879 1093 2948 Qui
1101 2899 1147 2950 per
1156 2886 1236 2934 uirus·

178 2961 225 3031 qui
240 2961 329 3032 plebi,
353 2962 426 3014 velut
440 2961 546 3031 corpori
567 2960 684 3024 unimus,
729 2969 787 3020 reus,
805 2969 854 3011 ete.
868 2958 1008 3030 Intellige:
1024 2959 1134 3012 Animus
1145 2963 1236 3014 multi·

179 3038 348 3103 moderetur,
361 3039 437 3093 decet
452 3039 598 3111 praesertim
611 3055 685 3092 senu-
728 3039 833 3109 pliciter
847 3038 918 3090 curis
938 3049 1017 3108 atque
1031 3039 1164 3093 laboribus
1181 3043 1238 3095 fati·

179 3131 237 3172 tum
252 3120 326 3173 illum
343 3120 470 3192 supientia
483 3119 633 3172 et'oonsilio
644 3135 688 3170 vu·
729 3131 815 3188 gutur,
824 3121 852 3169 ι’ὶι
863 3117 909 3188 qui
922 3135 970 3187 per
978 3118 1117 3179 virtutem,
1133 3132 1182 3173 etc.
1203 3153 1237 3164 --

179 3199 240 3253 lere.
249 3199 687 3273 Quoqnidemvulueruntmujores
730 3197 857 3263 Desemur.
874 3195 933 3248 Hoc
947 3197 1071 3260 verbum,
1089 3210 1115 3249 et
1129 3215 1188 3269 que
1201 3219 1238 3253 se·

179 3280 281 3345 nostri;
297 3299 381 3352 eoque
396 3297 428 3332 ex
444 3277 563 3330 maximis
580 3276 686 3329 oulsmi·
729 3288 850 3346 quuntm·
865 3273 990 3344 singulari
1004 3293 1131 3340 numero,
1153 3297 1237 3348 gram.

180 3359 277 3412 tutibus
292 3378 395 3431 semper
420 3375 556 3412 emersere.
581 3355 688 3426 Quippe
730 3355 824 3406 mutioe
839 3353 992 3404 reseruntur
1000 3351 1032 3404 ad
1044 3355 1236 3410 nominativum

180 3451 285 3492 senatum
295 3439 342 3491 uni
357 3439 509 3512 reipublice
523 3435 687 3498 consulebat3
732 3437 839 3496 unimus,
858 3448 888 3483 re
900 3443 988 3482 autem
1005 3430 1039 3483 ud
1053 3433 1175 3489 homines
1191 3438 1235 3508 qui

180 3537 230 3572 neo
251 3519 348 3582 ullam,
377 3519 428 3570 nisi
448 3517 571 3570 adversus
586 3514 687 3578 hostes,
731 3529 759 3563 se
775 3511 960 3582 pervirtutem
976 3511 1004 3562 in
1018 3511 1124 3565 oivitute
1139 3517 1237 3570 exsule·
1292 3553 1294 3561 ,

77 3613 81 3620 ·
181 3597 322 3651 lectionem
338 3601 476 3650 noverant.
502 3596 581 3647 Nune
597 3605 689 3646 oontm
730 3603 802 3644 runt.
816 3621 856 3633 -
879 3589 957 3660 Apud
974 3590 1028 3642 illos
1043 3603 1093 3642 ‘unu
1108 3595 1237 3664 respublica

181 3677 407 3750 soris‚superbum
429 3676 593 3748 imperium,
613 3671 689 3724 domi
732 3670 1237 3742 erut.Solareipublieusogitatioeoruui

182 3757 307 3810 factiones
326 3758 414 3810 velent
429 3776 436 3810 ι
453 3757 548 3828 quibus
569 3751 689 3824 oppressi
733 3751 1169 3822 animosoccupubat.—-Eiomues
1181 3775 1237 3807 corr·

182 3849 288 3908 patres,
303 3855 358 3890 non
373 3833 445 3908 quod
460 3833 612 3906 reipublice
628 3849 690 3904 pro·
732 3831 849 3883 solebant.
864 3831 1039 3903 Reposuimns
1052 3849 1131 3883 omues
1140 3851 1171 3886 ex
1185 3834 1238 3889 Ha·

183 3917 228 3973 sit,
244 3915 290 3968 sed
303 3914 375 3986 quod
391 3917 441 3968 lert
456 3913 649 3967 dominantium
660 3911 691 3963 li·
732 3927 803 3964 rere.
818 3911 853 3962 Et
866 3911 917 3963 hoe
930 3910 959 3962 in
972 3909 1046 3963 MSS.
1063 3925 1117 3966 esse
1131 3923 1238 3968 testatur

184 3993 248 4046 bido
258 4033 266 4059 ,
276 3994 431 4048 decernunt.
446 3995 516 4063 Ergo
528 3991 640 4064 pristinu
649 3991 689 4041 vis
735 3991 842 4054 Carrio;
856 3987 1014 4062 videturque
1024 3987 1057 4040 ad
1066 4007 1170 4047 sensum
1179 4013 1239 4050 cou-
