2910 4666
215 310 290 408 394
604 302 884 408 sALLthrljt

214 431 447 535 consulibus³³3
462 445 537 516 dein
554 449 594 516 C.
613 449 716 516 Curio
731 449 772 516 ad
788 449 921 517 exitium
937 470 1040 540 usque
1058 446 1194 514 insontis
1209 446 1268 512 tri·

214 552 295 620 buni
306 552 492 622 dominatus
500 566 558 620 est.
569 552 726 622 Lucullus
735 555 903 648 superiore
914 553 1137 646 annoquantis
1150 551 1267 620 mimis

214 659 289 726 ierit
320 659 353 726 in
378 660 415 728 L.
446 659 660 748 Quinctium,
688 659 822 729 vidistis.
850 661 991 747 Quanto
1017 657 1158 751 denique
1179 681 1267 724 nuuc

215 765 295 834 mihi
303 763 407 832 turben
418 761 633 836 concitantur!
646 767 730 854 Qun
743 765 891 859 profecto
904 767 1065 836 incessum
1074 777 1267 858 agerentur,

216 873 259 956 si,
276 871 480 965 priusquam
499 895 558 939 vos
576 871 741 940 serviundi
758 871 875 959 finem,
894 869 939 939 illi
957 870 1187 940 dominationis
1201 867 1267 935 foe·

215 977 280 1046 turi
299 991 393 1046 erant
417 1002 424 1044 :
451 977 630 1070 presertim
653 1002 754 1071 quum
772 977 824 1046 his
848 975 996 1046 civilibus
1021 960 1153 1046 annis³⁴
1180 973 1268 1042 dicta

216 1082 297 1169 alio,
320 1082 376 1150 sed
394 1097 554 1152 certatum
574 1085 738 1176 utrimque
755 1083 796 1152 de
816 1083 1038 1152 dominatione
1057 1083 1091 1148 in
1105 1079 1199 1148 vobis
1217 1079 1266 1146 sit.

215 1190 331 1281 Itaque
345 1203 454 1258 cetera
466 1214 506 1258 ex
520 1188 665 1275 licentia,
681 1204 738 1258 aut
754 1189 848 1276 odio,
866 1203 924 1258 aut
940 1189 1077 1256 avaritia
1091 1187 1125 1254 in
1140 1200 1268 1279 tempus

113 1319 116 1326 ·
215 1319 345 1362 arsere:
366 1297 545 1390 permansit
563 1319 629 1364 uua
647 1321 699 1364 res
719 1295 836 1382 modo,
859 1319 931 1389 qute
949 1295 1113 1386 utrimque
1135 1291 1268 1385 quaesito

217 1415 284 1486 est,
299 1415 332 1468 ct
351 1415 463 1496 erepta
481 1402 514 1470 in
531 1416 715 1496 posterum,
736 1404 785 1472 vis
803 1401 992 1486 tribunicia,
1010 1397 1111 1468 telum
1130 1422 1149 1465 a
1168 1395 1269 1489 majo·

217 1505 307 1574 ribus
327 1505 467 1576 libertati
485 1522 645 1600 paratum.
664 1509 764 1596 Quod
784 1533 845 1602 ego
863 1532 920 1575 vos
938 1529 1057 1574 moneo
1080 1525 1269 1598 quaesoque,

219 1727 285 1799 quid
298 1727 361 1780 huic
376 1725 514 1794 acciderit,
531 1748 609 1800 quem
625 1730 653 1786 in
667 1733 722 1801 ejus
808 1731 854 1794 34.
883 1731 931 1782 His
954 1728 1060 1780 ciuilibus
1082 1731 1163 1780 armis.
1188 1724 1270 1779 Amo

219 1808 305 1859 locum
339 1808 524 1860 substituetis?
555 1810 722 1862 succlamavit
766 1808 832 1862 dixit
844 1808 1000 1871 criminose,
1015 1825 1066 1876 pro
1079 1803 1270 1858 contentionibus.

219 1887 339 1939 universo
358 1887 473 1940 concio:
493 1900 534 1952 te,
548 1888 581 1954 Q.
596 1890 719 1942 Catule.»
766 1889 834 1942 Num
847 1907 902 1952 rer,
916 1889 965 1940 sub
983 1884 1084 1958 Lepido
1105 1896 1224 1946 tentum,
1238 1879 1270 1934 ed

220 1966 271 2019 Hic
289 1967 369 2038 igitur
386 1967 508 2022 tribunus
521 1966 651 2022 invidiose
668 1987 724 2020 mo·
767 1963 1271 2021 ermeciviliedeductnfuerrt.-Diete

220 2046 272 2118 gis,
285 2065 363 2118 quom
381 2066 413 2100 ex
433 2066 513 2112 vero,
541 2048 666 2120 loquitur.
767 2049 826 2100 ulto.
842 2049 894 2100 Tot
907 2045 1093 2102 certaminibut
1107 2061 1178 2098 nunc
1191 2041 1271 2104 hanc,

261 2125 307 2179 33.
324 2127 417 2182 Bruto,
440 2140 465 2178 et
473 2127 578 2180 AEmr'lro
588 2129 722 2190 Mamerco,
768 2146 840 2180 nunc
847 2127 933 2192 illurn,
944 2124 1057 2195 speciem
1067 2117 1272 2193 protenderunu

221 2205 361 2257 consulibtu.
383 2206 485 2277 Nempe
500 2227 570 2260 anno
589 2211 659 2278 677,
672 2225 725 2277 quo
768 2205 819 2260 Sed
834 2223 885 2258 uno
899 2223 1002 2275 semper
1015 2203 1065 2256 tuit
1078 2219 1155 2256 ceute
1169 2219 1177 2252 ε
1191 2211 1272 2252 utros

222 2284 334 2336 r'noxirne
358 2283 510 2356 deflagravit
530 2286 628 2340 bellum
646 2287 726 2358 Lepi·
769 2286 915 2351 serviretis,
930 2283 968 2338 illi
979 2283 1147 2354 imperarent.
1160 2311 1200 2322 -
1214 2276 1271 2332 Cer·

222 2361 330 2416 danum.
350 2397 390 2406 ·--
407 2365 437 2417 C.
452 2364 534 2418 Curio.
549 2366 648 2418 Consul
666 2384 726 2418 cum
770 2379 845 2420 totum
853 2369 974 2436 utrimque.
984 2363 1042 2416 Hoc
1050 2361 1100 2416 tuit
1107 2360 1175 2412 iuter
1182 2356 1271 2410 deten-

222 2443 271 2497 Cu.
284 2442 411 2510 Octavio,
423 2463 494 2496 enno
510 2445 574 2514 678.
588 2477 622 2488 -
646 2447 728 2498 Inscn·
770 2463 841 2498 sores
858 2457 957 2502 vestros
974 2455 1002 2496 et
1014 2440 1117 2494 nobiles
1127 2449 1271 2498 certamen,

224 2527 253 2574 ris
266 2523 361 2576 tribunt.
372 2521 472 2578 Sicinii.
480 2556 520 2566 -
532 2525 630 2576 Lucium
639 2526 729 2594 Quinc·
771 2545 803 2578 on
817 2524 895 2578 sectio
908 2523 1039 2580 nobilium
1053 2521 1081 2572 in
1095 2537 1143 2572 vos
1153 2515 1271 2570 domine·

223 2605 288 2653 turm.
303 2601 380 2653 Hunc
401 2603 456 2655 Cic.
473 2604 546 2656 Brut.
565 2621 636 2666 extr,
652 2617 729 2656 vocet
770 2617 851 2656 retur.
866 2634 905 2646 -
920 2602 1013 2658 Cetera.
1026 2595 1273 2652 sennanim.-

223 2680 385 2751 optissimum
396 2682 729 2736 turbulentisooncionibus
771 2685 815 2736 Ee
825 2684 928 2735 ltceutt'a.
942 2681 1054 2750 Propter
1067 2675 1274 2745 licentiamque

223 2771 363 2812 oratorem.
379 2758 530 2818 Deeodern,
541 2761 729 2832 concitatisque
772 2761 874 2818 nobiles
891 2759 1009 2831 potentie
1027 2776 1074 2812 erre
1090 2755 1274 2808 abutebatur.

225 2839 257 2889 ab
266 2857 298 2890 eo
310 2827 730 2892 turbiscivilihusmeminitidem
773 2873 811 2882 -
825 2839 898 2893 odo.
912 2839 1023 2908 Propter
1030 2831 1274 2904 odium.quodsibi

225 2917 297 2980 Cic,
310 2917 474 2987 proCluent.
485 2936 728 2984 xxxrv‚1urx,xr.‚
772 2912 1277 2974 ecelerihuuuioooulleverent.-Aro·

226 3008 252 3048 et
264 2995 581 3066 passim.-Si..socturi
592 3011 669 3050 erant.
678 2999 730 3050 Pro
773 3004 862 3052 ritiom.
886 2995 928 3050 Ad
941 3013 1032 3051 eorum
1052 2988 1277 3063 comprimendum

227 3087 319 3136 cessent,¹
331 3087 360 3128 ut
374 3095 441 3147 stepo
453 3077 531 3130 olibi:
547 3077 631 3134 rarius
644 3090 731 3132 tamen
774 3079 917 3132 avaritiam.
926 3076 1002 3128 -In
1015 3086 1103 3144 tempus
1112 3090 1197 3124 orum.
1212 3070 1278 3122 Orto

227 3173 323 3227 quum,
346 3167 376 3207 ut
399 3153 466 3221 hic,
488 3157 599 3210 alterum
621 3159 732 3212 verbum
772 3154 1220 3224 unnoumoeruminofflonqom
1231 3148 1278 3201 tli-

227 3234 368 3304 subjunctivi
384 3235 449 3288 modi
466 3249 512 3288 est.
540 3237 603 3304 Once
617 3241 732 3290 incassum
775 3235 893 3308 quandiu
904 3245 1037 3297 aruerunt,
1047 3231 1277 3287 uoreieretmeu.

228 3327 366 3384 agerentur,
379 3314 548 3370 referendum
559 3329 596 3369 est
604 3315 733 3370 adomnia
776 3317 868 3370 Uuum
887 3312 954 3368 illud
971 3314 1026 3370 eine
1050 3311 1103 3367 line
1117 3307 1279 3381 permansit,

229 3392 417 3446 antecedentia.
436 3397 555 3450 «Inutile
569 3396 660 3450 luisset
669 3397 733 3462 illis,
775 3415 829 3468 quo
841 3394 948 3467 querito
966 3405 1004 3446 eet
1017 3391 1141 3461 utrinque
1155 3407 1208 3442 unt
1221 3405 1280 3449 Mo

230 3473 329 3544 inquit,
353 3475 441 3528 omnio
455 3475 510 3528 hoc
525 3494 599 3546 ogere
611 3513 619 3540 ‚
641 3473 669 3528 id
681 3489 733 3542 est,
777 3473 804 3528 id
812 3487 861 3540 eet,
874 3475 903 3528 in
914 3470 1002 3526 medio
1012 3471 1127 3543 potitum
1137 3467 1279 3520 fuitunum

230 3552 353 3606 adversus
363 3553 510 3626 Lepidum,
521 3553 582 3608 dein
592 3554 734 3622 Sicinium,
777 3554 893 3610 victorie
904 3552 1042 3623 praemium
1053 3589 1061 3615 ,
1075 3546 1218 3604 tribtroicit
1232 3562 1280 3616 po·

229 3645 320 3702 poster
333 3633 510 3698 Quinctium,
536 3647 670 3704 postremo
690 3653 733 3688 me
777 3647 870 3699 uuas,
892 3651 970 3705 quern
983 3649 1030 3684 roe
1044 3645 1166 3690 terreres
1180 3625 1219 3680 llll
1233 3623 1282 3677 αἱ·

230 3711 330 3784 ipsum,
345 3724 397 3764 tam
413 3713 536 3768 atrociter
552 3713 699 3784 insurgere,
711 3715 733 3766 si
776 3733 840 3786 pere
857 3713 988 3766 volebant.
1012 3709 1175 3780 Eripuerunt
1193 3717 1280 3757 eutem

230 3791 311 3844 linem
324 3811 377 3846 sue
396 3790 571 3846 dominationi
593 3793 664 3846 ultro
680 3794 733 3847 fac·
776 3785 1282 3866 inposterum3itnutnullumjernro·

231 3871 284 3922 turi
295 3872 412 3925 fuissent.
423 3873 492 3944 Ergo
499 3891 545 3924 voe
554 3890 608 3924 este
616 3885 735 3944 oportet,
777 3873 833 3938 bio,
845 3871 879 3928 od
892 3869 1016 3926 tuendum
1027 3868 1175 3920 libertatem
1183 3903 1192 3930 ,
1200 3863 1281 3916 telum

231 3950 278 4022 qui
288 3951 368 4004 finem
375 3965 467 4008 vestro
473 3950 593 4005 servituti
599 3951 706 4006 tanam.
719 3979 730 4002 ι
777 3949 1132 4024 capno-Admana
1146 3941 1279 4012 Pfflldm'
