2938 4654
250 435 325 523 246
511 436 549 504 C.
579 433 753 504 CRISPI
781 433 1059 504 SALLUSTII

249 571 319 639 sine
337 564 482 637 tumultu
500 568 586 662 regis
605 563 754 662 praelium
774 567 889 634 visere.
912 567 980 655 Ita,
1007 564 1068 636 illis
1095 563 1203 634 studio
1232 589 1311 635 sue·
1352 659 1354 668 y

249 699 325 744 rum
340 673 519 760 adstrictis,
538 689 672 768 repente
695 695 816 768 magna
833 676 868 740 vi
889 697 1021 742 murum
1046 671 1261 768 aggreditur:
1279 688 1313 741 et

96 797 136 870 p
245 781 315 876 jam
338 779 432 850 scalis
454 765 730 876 egressi⁶milites
752 805 856 875 prope
874 804 1003 848 summa
1023 793 1195 876 ceperant,
1208 803 1310 874 quum

250 887 406 984 oppidani
436 902 651 976 concurrunt,
670 886 810 981 lapides,
834 888 962 982 ignem,
979 885 1044 955 alia
1064 901 1225 982 praeterea
1248 884 1312 954 tela

249 997 413 1090 ingerunt.
435 997 550 1065 Nostri
567 997 676 1091 primo
694 996 863 1063 resistere:
883 993 1021 1078 deinde,
1037 993 1096 1061 ubi
1118 1017 1192 1063 unae
1214 1007 1313 1086 atquc

250 1101 359 1172 alterae
389 1100 502 1171 scalae⁷
532 1103 768 1190 comminutae,
794 1102 850 1196 qui
877 1114 1160 1196 supersteterant,
1190 1098 1313 1168 adflicti

250 1223 342 1292 sunt;
366 1209 466 1278 ceteri
488 1209 723 1305 quoquomodo
743 1222 900 1303 potuere,
922 1208 1019 1302 pauci
1041 1207 1178 1302 integri,
1194 1229 1315 1301 magna

249 1340 327 1412 pars
343 1315 487 1386 conlecti
501 1315 707 1404 volneribus,
727 1314 874 1384 abeunt:
894 1315 1035 1409 denique
1053 1316 1218 1408 utrimque
1236 1335 1315 1408 prae·

251 1421 330 1492 llum
350 1449 416 1491 nox
434 1423 575 1491 diremit.

304 1532 394 1598 LXI.
423 1528 596 1618 Metellus,
613 1545 787 1626 postquam
808 1529 898 1598 videt
918 1527 1039 1598 frustra
1058 1528 1243 1623 inceptum;
1258 1549 1314 1595 ne·

251 1659 316 1729 que
334 1635 494 1730 oppidum
520 1638 618 1730 capi,
639 1663 745 1731 neque
769 1635 993 1732 Iugurtham,
1019 1637 1081 1703 nisi
1108 1659 1149 1703 ex
1170 1634 1315 1722 insidiis,

252 1756 310 1808 aut
327 1767 387 1810 suo
406 1740 499 1810 loco¹
519 1768 665 1838 pugnam
693 1745 821 1833 facere,
846 1759 881 1812 et
897 1745 966 1838 jam
994 1755 1140 1811 aestatem
1167 1755 1315 1811 exactam

253 1872 343 1935 esse,
365 1847 407 1916 ab
437 1851 540 1917 Zama
564 1849 704 1920 discedit
726 1877 734 1920 :
758 1867 791 1920 et
812 1853 846 1920 in
867 1850 919 1920 his
945 1848 1103 1936 urbibus,
1125 1871 1198 1942 quae
1220 1845 1316 1916 adse

252 1953 457 2045 defecerant,
471 1958 615 2052 satisque
629 1959 763 2028 munitae
775 1957 849 2028 loco
863 1973 921 2028 aut
932 1955 1095 2026 moenibus
1109 1967 1218 2043 erant,
1229 1979 1316 2050 prae·

253 2060 334 2130 sidia
354 2064 518 2158 imponit:
548 2079 695 2140 ceterum
718 2067 899 2136 exercitum
926 2067 961 2132 in
992 2063 1215 2160 provinciam,
1245 2085 1317 2155 quae

252 2193 416 2264 proxuma
430 2185 488 2241 -est
506 2173 671 2242 Numidiae
683 2171 706 2262 ²,
724 2173 891 2243 hiemandi
909 2174 1013 2266 gratia
1031 2168 1181 2240 collocat.
1201 2170 1318 2262 Neque

253 2275 287 2345 id
308 2291 458 2372 tempus,
481 2305 521 2348 ex
540 2278 682 2352 aliorum
703 2306 819 2369 more,
841 2281 941 2374 quieti
961 2293 1020 2348 aut
1041 2275 1177 2348 luxuriae
1199 2299 1318 2345 conce-

253 2381 319 2468 dit;
343 2384 417 2473 sed,
431 2387 588 2480 quoniam
606 2389 707 2458 armis
722 2386 845 2456 bellum
865 2409 983 2482 parum
1002 2383 1221 2480 procedebat,
1243 2383 1317 2452 insi·

254 2488 323 2559 dias
345 2493 415 2586 regi
436 2515 497 2587 per
518 2496 642 2563 amicos
662 2493 817 2581 tendere,
839 2507 1005 2562 eteorum
1026 2490 1165 2587 perfidia
1185 2515 1247 2586 pro
1267 2515 1317 2557 ar·

254 2597 317 2665 mis
337 2597 386 2664 uti
405 2614 509 2692 parat.
527 2601 632 2695 Igitur
650 2599 889 2687 Bomilcarem,
906 2601 963 2694 qui
976 2601 1092 2671 Romae
1106 2621 1184 2666 cum
1199 2599 1318 2692 Iugur·

295 2827 322 2878 6.
339 2825 418 2878 Scalis
430 2833 526 2895 egressi.
539 2829 653 2899 Egressi,
671 2827 765 2882 eodem
809 2827 902 2900 cipites
916 2825 980 2882 dati.
997 2860 1038 2871 -
1057 2826 1145 2883 Ceteri.
1168 2826 1222 2893 Qui
1241 2845 1321 2898 super

255 2923 332 2958 sensu
344 2899 395 2966 (sc.
410 2925 439 2956 ea
452 2905 506 2960 imo
521 2908 549 2960 in
565 2927 699 2961 summum
708 2928 767 2979 gra·
809 2907 1319 2962 scalisnondumeomminutissteterant.

256 2982 360 3049 dienati),
370 3004 423 3055 quo
431 3003 511 3058 supra
520 2987 581 3048 LII,
595 2989 711 3051 evodum
719 2989 766 3041 ubi
849 2989 914 3042 Car.
928 2989 1000 3042 LXI.
1014 3005 1036 3041 1.
1051 2987 1101 3042 Suo
1111 2989 1172 3040 loeo.
1184 2988 1257 3044 Ioco
1269 2987 1321 3039 ribi

255 3063 318 3118 vide
332 3082 391 3136 quo
400 3077 489 3118 notar.
500 3067 585 3137 Igitur
595 3067 701 3121 ablativ.
711 3088 766 3120 sca·
809 3081 973 3141 opportuno.
989 3065 1053 3122 vid.
1068 3087 1140 3140 supr.
1158 3067 1231 3132 LIV,
1246 3086 1273 3119 n.
1292 3071 1319 3120 6.

257 3145 297 3209 tts,
306 3163 360 3197 non
372 3156 411 3196 est
420 3165 433 3195 e
441 3145 519 3208 scald,
531 3145 577 3199 sed
586 3147 705 3198 scalarum
714 3167 765 3219 ope.
850 3169 875 3202 a.
896 3149 928 3202 In
946 3151 1106 3220 pmviuciam,
1128 3167 1181 3220 quoe
1201 3165 1321 3218 proxuma

256 3225 399 3296 Reliquum
417 3238 455 3278 est
475 3238 505 3278 ut
519 3245 673 3280 moneamus
691 3245 768 3300 quos·
809 3240 846 3280 est
859 3228 991 3282 Numidia.
1008 3229 1040 3280 In
1053 3247 1111 3281 eam
1122 3226 1266 3300 provincia
1279 3245 1322 3279 ro·

256 3304 317 3359 dam
333 3306 419 3376 legere
435 3311 549 3377 aggressi.
569 3307 659 3360 Nostri
676 3309 712 3374 A,
728 3309 766 3375 Β,
809 3327 894 3361 manre
903 3321 1086 3380 partemque
1095 3304 1249 3360 Numidiam
1260 3325 1322 3359 oon·

258 3387 295 3440 C:
308 3391 403 3457 egressi.
415 3387 483 3440 Item
498 3387 630 3441 Cortiuse
645 3387 707 3442 suis.
810 3387 901 3458 tingit3
914 3389 1041 3441 nimirum
1056 3401 1086 3442 ut
1104 3385 1167 3440 inde
1183 3387 1322 3460 Jugurtliae

297 3484 323 3536 7.
343 3467 404 3519 Unoe
418 3479 489 3540 atque
501 3469 583 3520 alteroe
591 3469 671 3522 scale.
680 3469 768 3540 Vulgo
810 3469 920 3541 propius
951 3467 1110 3522 immineret.
1137 3467 1243 3532 Verba,
1267 3487 1323 3538 quoe

256 3541 415 3618 scola(sing.
436 3544 529 3612 num.)
550 3561 589 3601 est
610 3547 683 3622 quod
702 3547 768 3602 dici·
807 3567 926 3620 prueuma
952 3561 988 3600 est
1015 3547 1153 3610 Numidiae,
1179 3559 1209 3599 ut
1237 3547 1324 3601 otiose

257 3647 329 3694 mus,
344 3623 768 3698 ricnrrrr3scalae(plur.num.),
811 3627 919 3682 damnat
944 3629 1067 3694 Cortius,
1094 3625 1183 3699 quod,
1214 3627 1320 3699 inquit,

256 3725 391 3761 amiran.
407 3703 459 3758 Sed
472 3705 607 3759 interdum
620 3709 770 3778 promiscue
811 3710 898 3763 sciunt
912 3729 1003 3762 omnes
1014 3709 1178 3781 provinciam
1191 3703 1324 3760 Romano·

258 3799 428 3860 usurpantur.
451 3785 502 3839 Hic
521 3805 582 3858 ergo
607 3785 690 3852 dixit,
715 3807 769 3842 unoe
811 3807 871 3842 rum
888 3790 916 3842 in
931 3789 1018 3841 Africa
1036 3776 1114 3842 luisse
1131 3787 1252 3860 proxime
1266 3787 1324 3841 Nu·

258 3867 344 3930 scaloe,
362 3885 425 3938 pro,
445 3885 492 3918 una
512 3867 593 3928 scala5
612 3879 642 3919 ut
660 3867 768 3923 Terent.
811 3867 929 3923 midiam.
950 3867 1015 3922 Ideo
1034 3869 1093 3941 Bip.
1110 3869 1187 3940 legit,
1207 3887 1261 3921 non
1278 3869 1324 3921 ab·

259 3945 329 3999 Eun.
337 3965 374 4013 rr,
384 3948 414 4014 3,
425 3947 461 4018 75
471 3963 478 3999 :
490 3947 520 3999 In
529 3951 582 3999 uait
592 3947 693 4011 ardalus,
704 3968 768 4020 pro,
811 3948 891 4002 surda
905 3951 1069 4020 conjectura,
1080 3967 1136 4012 our
1146 3967 1265 4019 proxuma
1276 3962 1321 4003 ese.

260 4031 348 4078 irrora
365 4027 443 4080 domo.
461 4059 501 4070 -
518 4025 682 4081 Commruutoe.
701 4030 769 4083 Con·
811 4027 864 4083 Sed
883 4051 936 4103 que
957 4029 1080 4083 eumdem
1099 4048 1205 4082 sensum
1224 4028 1324 4095 efficit,

261 4104 357 4160 iunctm
366 4138 406 4150 -·-
419 4107 530 4180 Addicri
544 4108 576 4161 In
589 4121 686 4162 terram
701 4129 769 4182 pree·
811 4111 833 4164 ai
848 4110 1012 4178 resolvatis,
1024 4123 1053 4164 ur
1062 4129 1105 4172 ea,
1122 4111 1179 4180 vel,
1192 4109 1273 4184 quoad
1283 4129 1323 4164 ee.
