2942 4662
449 387 514 455 ET
541 388 943 462 ADDITAMENTA.
1155 399 1230 498 5²9

1 489 6 517 ι
91 499 99 512 ¹
170 515 240 568 vobi,
255 519 348 577 „qm-0,
365 515 455 587 ,ioque
470 517 580 571 Havero.
602 518 653 572 Sed
671 521 778 574 Cortius
793 521 887 575 recidit
907 541 960 583 me,
984 529 1128 586 multorum
1149 540 1228 596 codd.

1 573 4 600 ι
168 595 325 649 mom„
340 596 436 660 fmus,
452 597 555 674 hocque
568 596 662 652 addit:
682 601 736 652 «Et
752 603 853 673 abjecto
872 604 924 657 hoe
943 611 1115 679 pronomine,
1128 618 1227 691 latius,

169 695 221 748 pro
239 693 312 728 more
321 675 451 740 Sallustii,
466 690 539 748 patet
554 680 696 736 sententia,
708 681 781 751 quasi
791 683 989 755 intelligendum
1003 689 1086 762 foret,
1101 715 1136 748 me
1147 703 1208 756 mliii
1216 745 1225 768 ,

166 775 214 806 vos
229 755 298 807 uobis
313 759 393 808 timere
395 791 450 809 ......
463 757 523 810 Jarn
537 759 584 810 sibi
598 762 690 823 umere,
707 773 747 814 eat
755 781 802 832 pro
812 783 848 824 se,
865 767 1034 821 incommodum
1044 793 1127 839 suum,
1142 797 1171 830 ae
1181 783 1228 835 sibi

166 835 229 905 quid
239 835 346 896 wcidot,
363 837 464 889 timere.
476 863 487 883 ι

208 915 260 966 Vos
275 919 419 967 cunctamini
428 920 498 968 etiam
511 935 579 970 nunc.
596 917 706 985 Haverc.
718 917 803 984 addit,
817 933 842 971 et
854 921 984 989 dtsbitatis,
1007 930 1078 1000 quod
1091 947 1178 991 tamen
1195 944 1227 994 ab

91 991 94 998 ’
166 1012 224 1046 uno
241 1013 350 1047 suornm
365 997 454 1048 abesae
471 1009 595 1062 testatur,
609 995 677 1051 sieut
692 1017 706 1050 a
722 1000 812 1052 multis
827 1001 884 1054 aliis
901 1004 987 1072 abest,
1001 1019 1066 1062 teste
1080 1015 1186 1086 Cortio,
1200 1034 1227 1074 et

165 1074 275 1127 Puteoli.
284 1087 311 1128 et
324 1075 432 1128 Gruter.
452 1075 543 1130 Nostri
557 1089 644 1146 tamen
657 1077 725 1131 illud
739 1081 862 1134 retinent.

205 1154 368 1225 Appi-aiensis
381 1155 485 1207 hostibus
498 1151 536 1216 (u.
550 1152 608 1218 33).
622 1157 664 1210 Sic
675 1160 712 1225 A,
724 1160 759 1225 C,
774 1161 807 1212 D.
828 1163 889 1214 Duo
902 1163 1010 1236 reliqui,
1023 1169 1180 1241 deprehensas.

208 1235 327 1304 Prospero
340 1240 419 1287 omnia
432 1235 518 1286 cedent
531 1227 573 1304 (n.
586 1234 646 1300 38).
658 1239 778 1310 «Vulgo,
789 1259 901 1311 prospere
915 1249 1001 1298 omnia.
1023 1249 1150 1308 Nostrum
1160 1258 1226 1313 Cor-

166 1313 222 1367 tius
237 1311 311 1366 dedit
323 1313 401 1368 codd.
415 1313 481 1378 lide;
490 1328 516 1368 et
530 1315 716 1370 Sallustianum
728 1320 818 1390 magis.
833 1322 891 1374 Brr.
902 1349 913 1369 ι
927 1323 1038 1382 llorere.
1055 1332 1134 1386 etiam
1149 1336 1227 1394 docet

168 1393 202 1445 in'
211 1411 256 1446 sex
270 1393 344 1447 MSS.
358 1413 426 1460 esse,
437 1413 559 1466 prospero.
580 1397 648 1450 Item
664 1401 749 1451 nostri
762 1400 801 1464 B,
815 1400 852 1466 C,
866 1403 902 1460 D,
920 1403 954 1456 E.

208 1473 267 1526 Nisi
286 1477 369 1529 irenem
384 1478 474 1546 potrr'oe
493 1474 578 1527 bellum
588 1478 651 1543 fecit
667 1472 712 1539 (n.
723 1476 785 1541 43).
806 1478 847 1532 sic
864 1482 885 1533 B
900 1493 928 1534 et
944 1484 976 1537 E.
1003 1486 1060 1542 Nisi
1080 1495 1165 1546 iterum,
1172 1499 1239 1568 jam'

164 1555 268 1623 patrio,
287 1555 316 1606 Α.
333 1546 399 1608 Εἰῦ
413 1573 519 1626 quoque
530 1555 623 1610 habuit
630 1559 699 1627 jam·
715 1556 759 1610 sed
773 1576 875 1612 matum
890 1573 935 1614 est.
952 1564 992 1632 D,
1006 1572 1054 1620 nui
1066 1571 1166 1627 alterum
1172 1581 1226 1648 jam

163 1635 255 1703 patriae
273 1632 358 1685 bellios
371 1635 439 1701 fecit.
473 1635 578 1705 Opinor
588 1638 641 1706 jam
662 1638 696 1689 ab
715 1637 804 1709 aliquo
823 1640 955 1696 intrusum
972 1645 1073 1715 fuisse,
1097 1666 1129 1706 ut
1144 1657 1226 1710 iuter.

164 1725 316 1782 preteretur
329 1718 419 1766 iterum.
441 1715 512 1767 Bene
524 1713 552 1766 id
565 1714 661 1768 recidit
671 1715 786 1771 Curtius.

211 1791 319 1846 Cott'ls'taa
342 1813 394 1846 crore
416 1797 519 1846 emacim
531 1796 644 1861 faucibus
662 1809 740 1867 urget.
766 1797 859 1865 SieA‚
876 1800 915 1868 C,
930 1805 963 1858 D.
988 1807 1049 1861 Duo
1069 1811 1178 1885 reliqui,
1202 1822 1227 1871 in

158 1872 282 1939 sueardus.
906 1892 909 1900 ’

206 1951 272 2006 cir.
293 1953 366 2006 LIII.
387 1953 473 2006 Sertori
494 1953 611 2006 &cretum
621 1954 664 2026 fit.
687 1957 730 2010 Sic
749 1960 779 2012 Α
806 1961 913 2029 Ceteri,
936 1978 1038 2021 senatus.
1066 1971 1173 2028 Curtius
1196 1997 1228 2031 εχ

163 2049 221 2084 uno
234 2050 343 2084 suorum
355 2033 430 2098 MSS.
450 2045 539 2086 notam
554 2035 623 2088 hane
635 2037 749 2108 margini
763 2035 921 2111 adscriptam
940 2048 1075 2119 excerpit:
1101 2078 1112 2098 ι
1123 2054 1181 2108 Hoc
1196 2058 1224 2112 in

164 2111 227 2164 loco
239 2131 331 2164 omnes
351 2113 405 2166 iere
426 2112 504 2167 codd.
524 2113 644 2167 mendosi
662 2130 738 2182 sunt,
761 2117 788 2169 in
805 2120 901 2190 quibus
922 2139 993 2177 certe
1007 2128 1103 2199 legitur
1120 2148 1224 2192 senatus.

166 2197 204 2245 At
217 2191 353 2246 Sallustius
368 2197 446 2245 senati
457 2195 576 2264 profecto
588 2193 670 2258 dixit,
682 2209 712 2248 ut
731 2197 879 2252 Priscianus
893 2202 944 2254 hoc
959 2207 1068 2274 probat,
1083 2212 1128 2281 qui
1140 2227 1224 2272 textus

166 2271 247 2342 liujus
256 2270 290 2324 ad
299 2273 410 2326 verbnm
421 2275 541 2327 meminit
552 2275 580 2326 in
590 2274 705 2346 capitulo
713 2273 747 2328 de
757 2279 909 2334 nominibus
920 2297 1020 2354 quarta
1028 2283 1224 2364 declinationis,

162 2350 210 2404 lib.
224 2370 262 2405 vr.
278 2377 289 2398 ·

206 2425 328 2484 Aooeluti
338 2432 411 2499 effeta
420 2447 527 2502 parente.
537 2435 575 2501 A,
586 2435 670 2488 ueluti.
685 2435 773 2490 Ceteri
784 2445 971 2506 omnes,sicuti.
984 2477 1017 2487 -
1026 2447 1223 2522 Essetoparenu,

164 2511 266 2565 Forsan
277 2511 367 2564 multia
379 2530 477 2566 emasse
492 2512 657 2580 videbimur,
672 2514 745 2586 qnod
755 2517 821 2585 hoc,
838 2521 991 2592 Bipontini,
1000 2525 1124 2584 Glareani
1143 2535 1224 2590 Rivii·

163 2609 216 2663 que
232 2591 385 2644 auctoritate
396 2595 513 2663 'pennoti
523 2591 686 2660 dederimus,
698 2615 779 2667 quum
791 2599 867 2653 MSS.
881 2603 935 2654 fere
950 2622 1004 2657 una
1016 2625 1080 2661 voce
1093 2613 1221 2684 clament,

160 2673 236 2740 effeta
246 2683 388 2743 parentum
404 2671 477 2743 quod
490 2675 573 2726 nostri
587 2693 693 2747 quoqne
709 2677 823 2743 habent,
839 2682 1058 2758 retinueruntque
1074 2691 1179 2747 Curtius
1195 2709 1223 2750 et

161 2752 335 2822 Havercamp.
357 2751 442 2804 Satius
457 2754 548 2806 inisset
559 2755 699 2808 lectionem
714 2753 850 2812 difficilem
865 2763 1017 2833 explanare,
1032 2781 1058 2820 et
1071 2769 1098 2821 id
1113 2773 1221 2844 quidem

162 2833 192 2884 in
214 2843 289 2896 uota,
312 2831 376 2884 huic
395 2833 454 2885 loco
473 2833 617 2906 adscripta,
634 2838 798 2892 tentavimus.
827 2839 879 2892 Sed
901 2843 1013 2898 latemur
1027 2866 1082 2900 non
1098 2852 1133 2904 ita
1148 2874 1221 2910 nunc

162 2912 241 2964 uoltis
268 2910 384 2964 arridere
403 2914 580 2984 conjecturam
596 2955 603 2979 ‚
619 2917 692 2984 effeto
718 2931 842 2987 parentiam
872 2933 1013 2994 tempestate.
1039 2929 1131 3002 Neque
1156 2955 1219 2988 vero

161 2991 245 3062 magis
263 2991 348 3060 placet
362 2991 475 3045 secunda
489 2993 617 3046 Gronorii
635 2998 779 3063 sententia,
795 3001 867 3066 effeto
877 3017 1002 3071 parentum
1022 3013 1118 3064 oritate.
1142 3013 1220 3069 Certe

161 3071 227 3123 urbs
238 3071 322 3123 Roma
334 3084 385 3135 est,
404 3090 462 3143 quae
477 3073 519 3125 hic
537 3077 624 3142 effeto,
649 3079 744 3146 etjam
768 3097 822 3131 non
843 3095 902 3151 apta
924 3087 1089 3153 generando,
1107 3090 1219 3162 dieitur;

161 3169 225 3214 uec,
243 3169 302 3222 quta
317 3153 398 3204 farerit
412 3170 486 3204 mens
504 3155 632 3217 auctoris,
648 3157 675 3207 in
689 3155 801 3208 dubium
809 3161 890 3213 venit.
912 3163 962 3214 Sed
971 3167 1106 3235 primusne
1118 3191 1152 3224 au
1166 3193 1220 3227 sex.

161 3243 205 3284 tus
225 3249 298 3283 casus
312 3232 359 3296 sit,
376 3233 466 3298 affetu
485 3245 511 3284 et
528 3234 663 3303 quomodo
688 3253 739 3287 vox
756 3255 786 3287 ea
808 3237 840 3288 ad
859 3241 1003 3308 genitivum
1023 3249 1106 3300 Roma,-
1126 3253 1219 3306 referri

160 3311 257 3382 possita
271 3308 369 3363 deintle
382 3329 436 3382 quo
450 3329 526 3364 sensu
541 3313 616 3382 jungi
628 3312 722 3365 debeat
734 3331 793 3365 cum
809 3318 897 3368 altero
906 3322 1021 3388 genitivo
1032 3339 1172 3392 pareutum
1190 3351 1221 3384 ea

161 3389 271 3442 demum
284 3391 394 3464 quaestio
408 3403 454 3444 est.
476 3393 512 3443 Ac
523 3392 659 3462 primum,
673 3405 702 3443 ut
715 3412 785 3445 nunc
798 3396 904 3464 quidem
916 3401 981 3451 inihi
998 3401 1119 3471 videtur,
1135 3411 1219 3464 Roma

160 3469 207 3522 hic
223 3467 293 3523 dicta
313 3483 352 3523 est
371 3473 444 3538 effeta
460 3483 600 3540 parentur,
623 3471 716 3523 eodem
743 3472 822 3525 modo
843 3495 896 3546 quc
919 3475 1056 3550 (Iugurth.
1072 3485 1186 3541 LXXIX
1206 3489 1217 3556 J

160 3549 282 3622 quodam
294 3549 426 3603 Numidia
440 3551 496 3602 loca
510 3549 636 3602 dicuntur
651 3553 716 3604 nudo
727 3557 883 3622 gignentium.
903 3557 941 3608 Ut
953 3561 1023 3612 enim
1040 3563 1074 3614 ibi
1090 3571 1217 3636 gignentia

160 3643 290 3684 vocantur
298 3649 357 3702 quse
369 3643 437 3682 terra
449 3631 499 3682 lert
506 3669 514 3694 ,
521 3629 582 3682 ideo
592 3630 663 3702 quod
673 3633 767 3684 similia
775 3634 813 3685 sni
819 3639 934 3704 gignendi
940 3639 993 3691 viui
1002 3641 1115 3710 lrabeut3
1125 3649 1158 3700 its
1171 3651 1216 3704 hic

157 3722 269 3780 parentes
287 3712 469 3774 nominantur,
487 3723 517 3763 ut
530 3712 585 3763 vim
601 3712 724 3764 habentes
741 3715 842 3783 prolem
861 3717 900 3768 sui
920 3720 1031 3773 similem
1042 3727 1160 3790 sentiendi.
1181 3731 1216 3783 Et

161 3788 268 3844 attende
284 3803 418 3842 auctorem
432 3791 491 3860 plus
510 3788 620 3856 dixisse,
633 3809 712 3862 qnam
729 3793 749 3843 si
764 3795 917 3861 scripsisset,
931 3801 1003 3867 effeta
1017 3808 1131 3859 virorum.
1146 3809 1215 3863 Nam

159 3870 182 3924 si
195 3889 246 3941 qua
260 3871 351 3924 civitas
364 3881 485 3942 parentes
500 3889 651 3940 generosam
664 3873 764 3942 prolem
778 3871 884 3926 daturos
900 3896 953 3931 non
964 3883 1021 3950 ¹jam
1035 3903 1155 3954 procreat
1163 3927 1172 3955 ‚
1185 3890 1215 3943 in

160 3969 190 4003 ea
204 3963 275 4004 certe
289 3951 348 4002 lons
364 3951 419 4020 ipse
433 3951 562 4002 virtutum
575 3951 684 4004 exaruit.
705 3952 765 4003 Jam
779 3973 842 4005 vero
859 3958 931 4024 effita
951 3963 1142 4020 nominativum
1160 3989 1215 4024 esse

162 4030 291 4096 arbitron
307 4030 403 4101 hicque
415 4027 535 4082 eamdem
547 4048 602 4084 esse
616 4043 789 4099 structuram,
801 4052 880 4104 qnam
894 4039 1102 4116 explanavimus,
1113 4049 1173 4122 Ing.
1188 4051 1215 4119 Ι,

983 4147 1032 4236 34
