2916 4630
250 416 299 512 96
511 422 549 487 C.
578 418 753 488 CRISPI
781 409 1057 486 SALLUSTII

249 575 324 619 cum
347 549 490 618 exercitu
518 549 666 620 faucibus
698 565 794 644 urget
803 535 857 617 ⁴⁵:
886 547 938 617 alii
966 550 1052 617 intra
1078 541 1198 615 moenia

1208 529 1251 630 ⁴⁶,
1272 545 1307 612 in

248 658 320 724 sinu
351 655 442 724 urbis
481 671 557 724 sunt
590 657 730 728 hostes:
754 680 860 752 neque
892 654 1018 750 parari,
1042 677 1149 746 neque
1181 650 1308 720 consuli

248 761 425 855 quidquam
439 762 568 831 occulte
586 778 693 857 potest
708 788 795 857 :quo
810 763 912 857 magis
926 759 1178 857 properandum.
1195 758 1308 844 Quare

248 868 293 934 ita
314 892 376 963 ego
398 893 515 938 censeo
525 855 550 908 ⁴⁷
564 895 571 938 :
585 895 687 964 quum
709 869 835 938 nefario
853 867 988 938 consilio
1009 866 1240 936 sceleratorum
1262 863 1307 930 ci·

248 975 338 1041 vium
361 975 544 1069 respublica
555 977 588 1044 in
600 999 753 1045 maxuma
771 973 915 1072 pericula
926 972 1178 1066 venerit,hique
1189 969 1308 1037 indicio

248 1081 284 1146 T.
304 1079 466 1151 Voltur-cii
484 1097 518 1151 et
529 1081 711 1180 legatorum
723 1081 938 1175 Allobrogum
951 1079 1093 1148 convicti
1104 1077 1307 1168 confessique

249 1187 329 1274 sint,
346 1187 484 1278 caedem,
503 1189 667 1278 incendia,
690 1189 751 1257 alia
772 1187 859 1257 foeda
880 1200 978 1279 atque
999 1181 1143 1253 crudelia
1164 1182 1310 1251 facinora

249 1292 282 1360 in
299 1295 386 1363 cives
429 1297 609 1390 atriumque
627 1297 807 1390 paravisse3
819 1293 860 1360 de
880 1291 1050 1376 confessis,
1068 1289 1162 1358 sicuti
1183 1287 1224 1355 de
1245 1309 1310 1355 nra·

249 1386 403 1468 nifestis⁴
439 1425 549 1470 rerum
580 1399 785 1494 capitalium,
813 1421 905 1467 more
930 1397 1092 1490 majorum
1114 1392 1311 1486 supplicium

248 1505 491 1573 sumendum.»

302 1611 392 1676 LIII.
403 1612 580 1704 Postquam
590 1611 674 1680 Cato
683 1605 1013 1696 assedit,consulares
1024 1603 1313 1696 omnes,itcmque

249 1727 380 1782 senatus
408 1739 527 1809 magne
554 1740 630 1810 pars
663 1715 856 1784 sententiam
887 1715 957 1808 ejus
978 1712 1133 1797 laudant,
1155 1710 1313 1777 virmtem
1406 1791 1408 1795 Ι

249 1820 349 1888 animi
369 1818 412 1888 ad
440 1819 559 1890 coelum
592 1821 703 1890 serunt
726 1847 733 1888 :
758 1820 812 1890 alii
844 1819 923 1889 alios
956 1821 1161 1913 increpantes
1182 1813 1314 1884 timidos

250 1940 393 1994 vocant:
413 1930 497 1997 Cato
519 1953 658 2022 magnus
680 1943 778 2022 atque
805 1926 911 1996 clarus
938 1926 1079 1994 habetur
1101 1951 1108 1992 :
1132 1923 1234 1992 senati
1255 1920 1312 1989 de·

251 2047 379 2102 cretum
396 2031 555 2122 fit,sicuti
573 2033 626 2103 ille
648 2048 827 2104 censuerat.
851 2032 917 2102 Sed
939 2032 1019 2100 mihi
1040 2029 1144 2098 multa
1158 2027 1281 2122 legenti
1289 2024 1311 2114 ¹,

293 2229 339 2292 45.
361 2228 482 2282 Faucibus
498 2241 574 2300 urget.
591 2229 661 2282 Male
680 2229 762 2301 aliqui
841 2220 1314 2298 47.Quareieaegoaenseo.llicincipit

252 2308 329 2374 libri,
352 2313 378 2360 in
399 2310 529 2376 saucr'bas5
547 2307 619 2362 unde
640 2309 762 2362 nonnulli
804 2308 862 2379 ipsa
875 2309 1010 2361 sententies
1018 2303 1220 2378 pronunciati03
1235 2300 1312 2355 simul

253 2388 472 2460 interpretantur:
482 2389 595 2442 Catilina
604 2388 633 2440 in
643 2389 762 2442 saucibus
804 2388 894 2459 paucis
909 2389 1009 2459 aperit,
1022 2405 1069 2438 cur
1084 2387 1120 2438 ita
1134 2394 1244 2438 censeat.

253 2467 366 2520 Etruria
386 2481 442 2532 est,
456 2480 482 2520 et
496 2487 545 2521 nos
560 2481 643 2538 urget.
665 2469 762 2538 Perpe-
846 2475 861 2529 4
866 2469 892 2520 8.
908 2467 987 2520 Sicuti
998 2467 1028 2517 de
1038 2467 1167 2533 manifestis
1182 2479 1257 2514 rar-raa
1270 2479 1312 2510 aa·

254 2565 319 2598 ram.
338 2547 459 2599 Faucibus
478 2567 581 2617 urgere,
597 2559 635 2598 est
647 2547 763 2619 aliquem
801 2547 921 2616 pitatium.
931 2547 1031 2600 Censeo
1041 2545 1199 2616 supplicium
1212 2559 1315 2594 sumen·

254 2643 390 2694 premere,
406 2637 433 2677 et
450 2643 511 2677 eum
531 2625 649 2678 faucibus
669 2644 763 2697 appre·
805 2625 869 2677 dum
885 2623 919 2676 de
933 2626 966 2678 iis
979 2626 1025 2696 qui
1038 2624 1098 2676 talia
1113 2621 1223 2676 confessi
1238 2630 1314 2683 sunt,

255 2702 379 2754 bendere.
395 2703 437 2756 sic
458 2703 517 2755 val.
538 2704 608 2756 Max.
623 2723 657 2770 v,
675 2706 705 2770 3,
724 2723 738 2756 a
755 2722 762 2756 :
805 2703 883 2756 sicuti
894 2705 961 2755 sumi
976 2723 1080 2776 ωφιυηι
1094 2715 1133 2756 est
1148 2701 1181 2754 de
1196 2699 1313 2753 homini·

259 2807 270 2827 ι
282 2781 334 2846 Qui
349 2783 472 2853 pestilera
482 2781 543 2834 Tib.
558 2781 672 2834 Gracchi
683 2801 764 2836 manu
804 2784 855 2835 bus
864 2783 1005 2836 criminum
1016 2783 1165 2855 capitalium
1177 2779 1315 2833 manifesto

249 2860 363 2926 faucr'bus
386 2861 552 2932 apprehensam
574 2863 764 2932 rempublicam
806 2862 940 2916 convictis.
953 2896 991 2904 -
1004 2863 1148 2930 Manifestus
1165 2861 1216 2912 hoc
1237 2877 1317 2910 sensu

256 2939 411 3010 strangulari
428 2957 517 3010 passus
533 2959 588 2992 non
604 2953 650 2993 est.
666 2967 677 2988 ι
696 2943 764 2994 Item
805 2960 860 2993 non
872 2961 932 2994 raro
943 2940 1051 2995 dicitur.
1064 2943 1081 2993 J
1083 2961 1125 3013 ug.
1135 2939 1248 2993 XXXV:
1265 2941 1316 2990 «At

256 3019 365 3085 Cicero,
376 3037 425 3090 pro
439 3019 543 3072 Cluent.
562 3037 639 3072 xxxa:
653 3047 665 3068 ι
684 3022 764 3092 Quam
805 3021 822 3073 J
824 3021 936 3092 ugurtha
948 3024 1085 3088 manffestas
1096 3021 1161 3074 tanti
1176 3017 1286 3072 sceleris.
1300 3041 1311 3062 ι

250 3098 364 3166 saucibus
375 3109 530 3170 premeretur,
545 3125 556 3146 ι
573 3098 667 3166 idest,
681 3100 764 3173 quiam
806 3101 890 3154 Tacit.
905 3103 974 3154 Ann.
990 3119 1059 3166 xm,
1079 3103 1113 3154 26
1128 3119 1135 3154 :
1154 3100 1210 3150 ιΑι
1224 3097 1315 3151 crimi-

256 3179 425 3231 vehementer
452 3191 597 3250 urgeretur.
622 3179 673 3233 llic
702 3199 764 3252 ergo
806 3199 871 3232 num
879 3178 1315 3248 mamsestosmeritoadserritutem

252 3258 365 3326 saucibus
376 3271 460 3329 urget,
474 3261 596 3314 translate
608 3258 721 3328 dicitru,
736 3273 766 3315 ut
806 3262 912 3314 retrahi.
926 3287 937 3307 ι
949 3261 1033 3314 Pleut.
1044 3261 1155 3313 Trucul.
1172 3277 1199 3324 1,
1215 3278 1247 3324 a,
1262 3257 1315 3311 30:

256 3339 336 3410 paulo
352 3351 506 3411 ante,supra
519 3353 591 3412 caput
603 3353 645 3394 est.
811 3365 822 3387 ι
842 3341 995 3408 Manifestum
1013 3338 1164 3406 mendacii,
1183 3339 1270 3403 mala,
1290 3347 1316 3388 te

300 3423 345 3484 46.
356 3419 411 3472 Alit
429 3424 494 3471 intra
516 3425 615 3484 mania,
630 3432 673 3472 etc.
689 3419 765 3473 Idem
807 3431 892 3473 teneo.
907 3447 919 3468 ι

259 3501 325 3565 fere,
341 3499 396 3552 aliis
408 3501 510 3565 verbis,
525 3501 618 3553 Cicero
632 3519 682 3571 pro
694 3501 764 3553 Mur.
847 3501 911 3554 Car.
925 3499 997 3552 LIII.
1016 3519 1040 3553 1.
1057 3499 1108 3554 Sed
1121 3499 1180 3550 milu'
1193 3497 1267 3547 multa
1280 3495 1315 3546 le·

258 3597 354 3633 xxxix:
370 3577 478 3631 «Hostis
489 3591 527 3631 est
537 3579 608 3631 enim
624 3597 680 3631 uon
695 3578 766 3652 apud
806 3584 880 3649 genti.
890 3579 1037 3651 Digressio,
1046 3597 1125 3652 quam
1139 3575 1212 3629 malit
1226 3575 1317 3627 abesse

258 3660 400 3723 Anienem,
411 3656 485 3727 quod
498 3659 567 3710 bello
588 3659 689 3710 Punico
707 3679 765 3730 gra·
807 3659 890 3712 lector
905 3657 938 3712 ad
960 3673 1082 3713 eventum
1104 3657 1244 3719 festinans,
1265 3654 1318 3706 nisi

259 3739 394 3791 vissimum
413 3738 500 3790 visum
515 3749 568 3803 est,
581 3736 626 3790 sed
642 3739 670 3790 in
685 3740 766 3804 urbe,
808 3733 1319 3810 unumepraesuntissimissulusulocis

260 3819 289 3870 in
309 3819 366 3870 loro
381 3811 437 3878 (dii
450 3817 629 3868 immortales!
645 3817 700 3870 sine
721 3838 766 3890 ge·
808 3819 997 3872 cacontineret.
1006 3820 1109 3873 Scilicet
1117 3835 1200 3888 quum
1208 3813 1318 3868 casaris

259 3893 766 3967 mituhocdicinonpotest):nonnemo
808 3893 1318 3959 etCatonisorstionesexhibuerit,hinc

260 3977 339 4029 etiam
354 3977 382 4028 in
400 3976 446 4028 illo
466 3977 579 4028 sacrario
597 3977 765 4048 reipublicae,
809 3998 898 4031 ansam
914 3979 1006 4050 arripit
1019 3993 1228 4049 eorumquoque
1242 3970 1319 4024 indo·

260 4056 288 4107 in
303 4057 374 4126 ipsa,
387 4056 507 4128 inquam,
519 4056 603 4122 curia,
618 4075 673 4109 non
686 4075 766 4110 nemo
807 4059 860 4110 lem
882 4057 1047 4126 conserendi3
1069 4059 1177 4127 hacque
1198 4051 1317 4105 transitio
1335 4099 1337 4104 .

259 4133 341 4187 hostis
351 4146 418 4188 est.-
810 4149 847 4190 est
858 4132 952 4208 (mam
965 4138 986 4190 si
1004 4139 1063 4208 quis
1083 4136 1187 4207 longius
1208 4143 1317 4186 tractam
