2950 4648
412 409 479 476 ns
507 409 616 477 ner.
646 399 975 478 onniuruus.
1145 413 1217 509 457

162 568 276 614 rarum
291 539 377 610 bello
387 565 566 612 concussus
576 540 662 610 foret
672 566 678 608 :
690 555 799 610 cetera
808 539 997 629 multitudo,
1010 538 1100 637 vulgi
1111 543 1221 614 more'

164 651 269 745 magis
294 673 393 744 quam
412 647 553 742 judicic,
583 663 658 742 post
676 646 756 717 alius
782 647 903 736 alium,
922 649 1013 744 quasi
1031 649 1221 743 prudentio·
1288 671 1292 690 ··

163 781 254 844 rem,
274 755 410 850 sequuti.
430 756 492 824 Per
506 753 592 822 idem
609 769 738 849 tempus
752 753 931 824 maledictis
944 742 1152 850 iniquorum³
1171 781 1223 826 oe·

165 862 326 957 cupandee
360 859 546 956 reipublicae
570 861 603 929 in
628 887 719 957 spem
746 861 879 931 adducti
905 863 1080 950 homines,
1103 863 1221 958 quibus

164 971 276 1037 omnia
296 969 419 1063 probro
446 993 484 1036 ac
511 965 639 1037 luxuria
669 967 793 1063 polluta
819 983 926 1057 erant,
959 994 1157 1039 concurrere
1187 972 1222 1038 in

163 1088 272 1144 castra
294 1089 367 1164 tua;
388 1090 422 1144 et
442 1089 555 1169 aperte
572 1077 688 1169 quietis
706 1091 868 1164 mortem,
882 1077 1034 1171 rapinas,
1052 1091 1221 1171 postremo

163 1182 295 1268 omnia,
316 1207 388 1275 quae
416 1197 575 1278 corrupto
592 1184 701 1252 animo
725 1182 872 1270 lubebat,
899 1184 1050 1252 minitari.
1074 1187 1124 1251 Ex
1147 1185 1221 1277 quis

162 1311 284 1381 magna
301 1311 402 1382 pars,
424 1290 481 1357 ubi
507 1313 613 1383 neque
639 1289 800 1359 creditum
827 1289 1038 1378 condonare,
1063 1313 1170 1384 neque
1187 1305 1220 1358 te

163 1393 289 1462 civibus
319 1396 414 1464 sicuti
440 1395 588 1465 hostibus
611 1397 658 1464 uti
688 1395 819 1484 vident,
837 1395 1002 1464 defluxere
1024 1421 1032 1462 :
1054 1397 1151 1490 pauci
1168 1421 1219 1464 re·

76 1512 79 1520 ⁴
161 1501 292 1589 stitere3
310 1502 428 1595 quibus
449 1501 555 1595 majus
577 1503 680 1572 otium
700 1504 734 1570 in
752 1504 882 1591 castris,
899 1527 998 1597 quarn
1018 1505 1154 1589 Rome,
1173 1501 1221 1570 fu·

161 1618 274 1675 turum
299 1621 388 1696 erat3
412 1623 505 1678 tanta
533 1610 582 1678 vis
609 1605 810 1680 creditorum
837 1609 1054 1705 impendebat.
1083 1608 1147 1678 Sed
1175 1609 1219 1677 oh

160 1711 292 1782 easdem
315 1739 445 1784 caussas
466 1717 608 1784 immane
627 1715 717 1787 dictu
735 1731 803 1806 est,
821 1718 935 1812 quanti
953 1731 986 1785 et
1005 1740 1104 1810 quam
1124 1712 1219 1782 multi

159 1819 315 1889 mortales
342 1836 456 1916 postea
483 1822 525 1892 ad
548 1825 742 1918 Pompeium
768 1823 974 1894 discesserint
1001 1848 1011 1891 .·
1034 1846 1139 1916 eoque
1160 1845 1220 1915 per

160 1948 260 1994 omne
277 1941 407 2022 tempus
426 1926 519 2018 belli,
537 1931 629 2024 quasi
647 1955 741 2001 sacro
759 1945 858 2025 atque
876 1929 1049 2025 inspoliato
1067 1928 1144 1998 fano
1163 1927 1218 1996 de·

158 2029 281 2102 bitures
299 2035 359 2102 usi.

160 2221 319 2293 Pompeiana
326 2221 438 2296 dignitas
451 2225 545 2298 gravis.
556 2225 611 2280 Nec
621 2227 666 2280 hic
710 2229 904 2293 niamalorum‚
912 2225 1001 2290 idest,
1009 2224 1218 2279 adversariorum

159 2301 662 2378 ferebatparem‚necillesuperiorem.·
711 2308 840 2372 Caesaris5
865 2309 912 2378 qui
935 2305 1064 2360 invidiose
1086 2305 1219 2376 jactabant

159 2379 231 2434 Vide
243 2383 363 2456 Pompeii
375 2384 509 2452 indolem,
525 2385 595 2458 apud
605 2387 667 2440 vel·
709 2387 793 2454 illum,
804 2388 826 2440 si
838 2387 950 2454 vicisset,
961 2387 1062 2439 tabulas
1071 2403 1152 2438 novas
1159 2403 1220 2454 pro·

158 2460 306 2527 leinm‚11‚
324 2483 368 2534 ²9·
708 2469 872 2539 positurum,
884 2467 1019 2538 vitamque
1039 2477 1065 2518 et
1082 2463 1218 2517 honestus

202 2560 226 2594 2.
250 2543 328 2612 Vulgi
338 2564 408 2595 more.
431 2543 506 2598 Idem
522 2545 576 2597 fere
589 2545 623 2591 de
638 2566 665 2592 eo
708 2547 996 2612 inimicitias-optutum.
1010 2545 1217 2612 Hfflcfamnper·

158 2619 216 2690 ipse
227 2617 292 2673 dicit
307 2622 417 2686 Cicero,
434 2620 466 2673 ad
479 2621 532 2672 Att.
549 2637 605 2686 vn,
628 2639 643 2690 7
657 2637 664 2672 :
708 2617 866 2672 ditissimum
881 2638 1012 2692 quemque
1026 2619 1053 2672 in
1069 2633 1151 2672 castra
1163 2623 1217 2674 Cre-

163 2698 257 2764 ·Quid
273 2719 348 2771 ergo,
373 2699 475 2771 inquis,
501 2711 607 2752 acturus
623 2699 666 2752 es?
709 2699 1217 2772 sariscompulit.Quorummulti,mala

159 2775 234 2831 Idem
247 2779 319 2851 quod
328 2779 458 2851 pecudes,
473 2797 531 2850 que
543 2777 666 2850 dispulsae
710 2797 755 2850 spe
769 2777 877 2852 dejecti,
898 2779 999 2846 abiere;
1015 2799 1163 2833 remansere
1178 2792 1217 2832 ta-

159 2859 201 2910 sui
220 2859 321 2929 generis
340 2873 486 2931 sequuntur
506 2877 604 2930 greges.
628 2859 667 2911 Ut
709 2878 770 2912 men
786 2860 879 2931 aliqui,
892 2879 919 2912 se
935 2859 1045 2913 tutiores
1058 2859 1109 2913 rati
1123 2859 1217 2914 incas·

159 2937 208 2990 bos
221 2952 351 3004 armenta,
366 2940 403 2992 sic
419 2947 466 3010 ego
482 2940 566 2991 bonos
579 2937 665 3003 viros,
709 2941 772 3005 tris,
788 2941 990 3012 quinalium,
1006 2939 1042 2992 ob
1063 2939 1121 2992 eris
1139 2939 1218 2992 alieni

159 3029 205 3070 aut
215 3037 273 3085 eos,
284 3018 444 3090 quicumque
456 3017 578 3071 dicentur
584 3018 665 3085 boni,
709 3019 931 3091 magnitudinem,
940 3019 1051 3072 futuros.
1059 3019 1218 3090 Quanquam

159 3116 269 3168 sequar,
284 3099 386 3152 etiamsi
398 3112 485 3152 ruent.
496 3123 507 3145 ι
522 3099 538 3150 J
540 3116 581 3150 am
591 3097 665 3152 dixe·
708 3117 741 3153 ex
748 3100 827 3153 altera
833 3113 907 3172 parte
917 3095 982 3161 (hoc
993 3098 1059 3152 dicit
1067 3117 1100 3151 ne
1108 3098 1218 3151 Caesaris

158 3189 202 3229 rat
217 3179 283 3231 Cato
297 3179 398 3250 Major,
421 3191 486 3232 teste
507 3177 663 3237 Plutarcho,
709 3197 812 3232 causam
833 3179 982 3250 deprimere
1000 3174 1138 3242 videatur)
1161 3197 1216 3230 non

157 3256 272 3310 similem
291 3277 346 3311 esse
370 3260 500 3331 populum
526 3275 665 3310 romanum
709 3259 845 3329 pauciores
866 3269 941 3310 erant
962 3257 1108 3309 fenoribus
1127 3256 1218 3309 obruti

158 3337 231 3407 gregi
250 3355 398 3408 pecorum,
417 3357 475 3412 quia
495 3337 596 3409 singule
610 3355 665 3389 non
708 3337 841 3401 homines;
858 3335 1052 3407 Pompeiusque
1065 3335 1217 3387 debitorum

157 3430 268 3488 parent,
281 3417 327 3472 sed
340 3419 461 3473 universa
472 3417 610 3470 ductorem
622 3417 667 3469 ali·
709 3417 860 3490 perfugium
876 3435 924 3488 per
940 3425 1025 3466 totum
1040 3415 1140 3466 bellum
1157 3414 1217 3476 ¹fuit.

158 3515 238 3567 quem
244 3515 327 3550 unum
333 3498 666 3571 sequuntur-Posiden
709 3498 793 3567 Ergo,
805 3495 875 3548 utin
884 3493 1003 3566 sequenti
1012 3494 1097 3565 capite
1104 3491 1216 3557 dicetur,

158 3577 241 3631 alium
256 3577 363 3632 Cottius
372 3577 510 3632 contendit
522 3577 665 3630 latinenon
709 3577 835 3630 victorem
843 3575 1037 3641 Caesarem,non
1044 3572 1078 3625 de
1084 3573 1217 3626 istiusmo-

158 3653 226 3720 dici,
241 3661 310 3728 sequi
316 3672 375 3730 post
396 3661 506 3733 aliquem.
525 3656 577 3711 Sed
595 3657 666 3710 vocis
709 3655 910 3723 dihominibus,
920 3653 966 3709 sed
976 3653 1010 3708 de
1018 3653 1123 3726 seipso,
1133 3652 1161 3705 in
1173 3650 1218 3705 de·

157 3742 252 3807 sequuti
264 3736 362 3810 duplex
374 3739 419 3793 hic
432 3757 494 3792 usus
510 3752 557 3792 est.
575 3727 602 3791 1⁰
611 3738 666 3790 Ab·
708 3735 834 3810 ponendo
847 3737 928 3798 hello,
942 3732 1124 3806 firmandaque
1140 3750 1217 3804 pace,

156 3817 262 3870 solute:
280 3843 292 3867 ι
302 3817 412 3891 Sequuti
429 3831 509 3886 sunt,
528 3817 594 3872 alius
606 3829 667 3890 post
709 3818 824 3890 cogitare
839 3815 922 3871 decet.
942 3851 982 3861 -
998 3813 1138 3888 lnporum.
1155 3811 1217 3864 Non

157 3894 239 3948 alium
250 3911 352 3952 euntes.
364 3923 376 3946 ι
398 3891 425 3954 2⁰
436 3926 446 3947 ι
457 3899 531 3952 Alius
540 3911 666 3970 sequutus
710 3896 921 3970 spoliand03utl
923 3917 965 3969 ug.
973 3895 1099 3960 LXXVI,
1106 3893 1216 3960 infectum

157 3985 197 4027 est
211 3974 308 4042 aliurn,
323 3979 397 4048 quasi
412 3977 642 4050 prudentiorem.»
709 3997 760 4049 pro
766 3979 936 4046 nonfacienda.
954 3975 1129 4047 Inspoliatum
1135 3989 1217 4044 greca

201 4053 227 4106 3.
248 4053 387 4109 Maledictis
400 4062 538 4128 iniquorum.
560 4057 666 4112 Galum·
710 4069 749 4111 est
766 4057 853 4114 ἄσυλον
868 4055 917 4124 (ex
928 4059 981 4110 det
991 4057 1067 4121 altu,
1083 4047 1216 4125 spolium)-

970 4149 1039 4232 31⁴
