2950 4646
174 400 247 485 184
433 401 472 468 C.
500 397 675 468 CRISPI
703 393 983 464 SALLUSTII

167 533 212 603 ob
233 530 365 601 easdem
383 546 470 600 artes
489 531 532 599 ab
550 523 705 624 Micipsa,
726 554 794 598 non
814 530 952 623 penuria
971 510 1181 612 liberorum³,
1201 523 1236 594 in

165 665 306 734 regnum
326 637 519 733 adoptatum
539 663 546 704 :
568 652 714 707 ceterum
736 661 803 730 quo
821 634 917 730 plura
938 634 1022 702 bene
1043 647 1141 727 atque
1157 647 1236 702 stre-

102 765 105 771 '
165 772 231 814 nne
250 747 397 834 fecisset,
413 771 453 814 eo
475 747 621 814 animum
641 768 737 813 suum
758 743 911 836 injuriam
933 742 1042 810 minus
1062 740 1203 809 tolerare
1225 765 1233 806 :

165 851 385 922 Adherbalem
405 852 490 922 dolis
509 854 584 920 vitae
604 877 670 920 suae
691 849 896 935 insidiatum;
914 847 1002 941 quod
1021 848 1079 916 ubi
1101 871 1235 943 compe·

163 958 394 1046 risset,sceleri
410 961 542 1028 obviam
556 960 635 1026 isse:
646 957 807 1052 populum
823 979 997 1024 romanum
1009 980 1116 1049 neque
1128 969 1236 1042 recte,

163 1091 271 1161 neque
292 1093 353 1161 pro
370 1053 480 1135 bono⁴
498 1066 722 1154 facturum,
697 1092 724 1134 ει
745 1063 878 1156 abjuro
896 1063 1043 1156 gentium
1066 1085 1135 1132 sese
1157 1086 1234 1155 pro·

162 1173 353 1242 hibuerint:
374 1188 543 1268 postremo
572 1172 613 1240 de
638 1173 792 1241 omnibus
818 1170 916 1238 rebus
941 1168 1066 1299 legatos
1090 1171 1234 1240 Romam

161 1279 257 1348 brevi
285 1283 471 1350 missurum.
501 1283 554 1348 Ita
583 1281 715 1374 utrique
755 1261 1015 1372 digrediunturl
1039 1273 1234 1403 Adherbalis

161 1385 349 1482 appellandi
370 1389 465 1482 copia
488 1412 555 1455 non
572 1384 643 1454 firit.

216 1496 346 1563 XXIII.
374 1493 540 1588 Iugurtha
561 1493 619 1560 ubi
645 1517 701 1561 eos
722 1491 835 1562 Africa
861 1490 1039 1561 decessisse
1056 1505 1147 1561 ratus
1169 1503 1235 1579 est,

163 1624 287 1693 neque,
309 1613 445 1694 propter
470 1598 533 1668 loci
560 1613 737 1686 naturam,
769 1601 895 1670 Cirtam
923 1600 1023 1668 armis
1044 1621 1234 1693 expugnare

163 1720 294 1799 potest3
311 1705 399 1774 vallo
420 1720 520 1799 atque
542 1705 646 1775 fossa¹
670 1708 792 1776 moenia
819 1705 1027 1792 circumdat,
1047 1713 1156 1777 turres
1184 1729 1235 1772 ex·

164 1815 278 1900 struit,
293 1837 413 1906 easque
431 1812 588 1907 presidiis
603 1813 735 1883 firmat:
752 1828 910 1909 practerea
932 1811 1017 1900 dies,
1036 1826 1166 1899 noctes,
1177 1825 1236 1880 aut

163 1943 225 2013 per
239 1921 323 2007 vim,
342 1934 400 1988 aut
416 1918 499 1988 dolis
517 1935 643 1990 tentare
659 1947 666 1988 ι
682 1920 909 1990 defensoribus
923 1920 1082 1989 moenium
1100 1919 1236 2014 praemia

163 2025 281 2114 modo,
297 2027 398 2096 modo
415 2027 624 2096 formidinem
644 2043 825 2115 ostentare3
840 2053 917 2096 suos
933 2026 1100 2096 hortando
1112 2025 1155 2094 ad
1167 2026 1234 2092 vir-

164 2145 269 2202 tutem
279 2135 405 2228 erigere
414 2160 421 2201 :
431 2159 566 2229 prorsus
577 2137 721 2204 intentus
733 2149 853 2204 cuneta
864 2158 990 2230 parare.
1001 2131 1169 2202 Adherbal
1176 2132 1235 2200 ubi
1251 2217 1255 2224 Ι

162 2238 338 2334 intellegit,
350 2266 465 2310 omnes
477 2267 552 2310 suas
567 2241 716 2312 fortunas
731 2244 764 2310 in
780 2257 929 2311 extremo
943 2242 1035 2326 sitas,
1046 2240 1178 2309 hostem
1190 2241 1236 2308 in·

162 2343 301 2436 festum,
311 2346 420 2416 auxilii
435 2373 527 2446 spem
544 2347 684 2438 nullam,
697 2351 836 2444 penuria
848 2374 960 2417 rerum
974 2349 1234 2416 necessariarum

163 2448 776 2549 bellum'trahinonposse3exl1isqui
789 2480 856 2523 una
866 2457 995 2524 Cirtam
1007 2455 1236 2549 profugerant,

129 2645 132 2658 ι
163 2556 231 2626 duo
251 2585 405 2629 maxume
423 2562 583 2655 impigros
603 2559 746 2658 delegit:
764 2587 841 2650 eos,
862 2561 967 2630 multa
981 2558 1184 2656 pollicendo,
1195 2585 1235 2630 ac

206 2743 232 2796 3.
240 2742 402 2813 Nonpenuria
412 2743 544 2796 liberorum.
553 2743 611 2797 Hoc
619 2763 675 2797 non
719 2745 779 2798 bale
795 2745 966 2816 colloquendi
980 2746 1089 2799 facultas
1101 2764 1157 2797 non
1173 2743 1232 2797 fuit.

162 2821 344 2892 refellitquod
360 2824 519 2894 conjecimus
533 2842 628 2895 supra,
635 2826 675 2890 X,
759 2826 823 2878 Csr.
841 2827 943 2878 XXIII.
959 2845 983 2878 ι.
995 2827 1233 2898 Valloatquescssa

162 2921 190 2954 n.
211 2921 244 2954 a:
258 2901 447 2972 Jugmthams
467 2903 593 2973 Micipsa,
606 2923 675 2956 non·
719 2905 855 2970 Quum
830 2925 857 2958 vr
870 2919 896 2957 et
910 2906 1088 2978 impetuurbs
1103 2906 1163 2977 capi
1177 2923 1233 2957 non

162 2979 228 3033 dum
240 2982 308 3034 natis
319 2981 446 3049 liberis,
437 3003 466 3036 m
482 2982 569 3036 aulam
590 2982 675 3036 adsci-
718 2997 820 3055 posset,
828 2984 1008 3056 diuturnaque
1019 2977 1099 3038 fiebat
1113 2983 1232 3050 obsidio,

161 3073 229 3113 tum.
246 3061 315 3114 Nam
330 3081 427 3134 parvus
441 3061 550 3134 quadem
561 3061 676 3117 adscitus
718 3083 798 3136 quam
819 3065 910 3137 gallice
929 3064 1043 3118 dicimus
1065 3066 1161 3127 ὀὶιιιιιις
1173 3077 1232 3116 tuan

161 3139 265 3205 fuerat,
277 3140 322 3194 sed
333 3143 418 3195 tribus
432 3155 536 3196 tantum
549 3155 609 3197 ante
621 3144 674 3197 Mi·
717 3143 867 3198 obsidentes
871 3147 942 3213 fossa
950 3159 976 3198 et
984 3165 1074 3215 aggere
1081 3145 1206 3198 urbem
1183 3163 1236 3197 crr-

162 3219 240 3290 cipsae
262 3233 373 3275 mortem
392 3223 467 3277 annis
489 3224 628 3296 adoptatio,
644 3235 676 3277 ut
717 3227 933 3297 cumcingebant,
954 3245 989 3278 ne
1011 3227 1071 3296 quis
1093 3245 1123 3278 ea
1142 3223 1233 3297 egredi

161 3317 245 3370 regno
261 3297 419 3356 succederet.
717 3318 763 3358 aut
769 3325 827 3357 eam
834 3307 933 3358 intrare
942 3318 1045 3377 posset,
1055 3305 1134 3358 simul
1141 3317 1171 3358 ut
1179 3305 1231 3376 ipsi

203 3387 229 3444 4.
245 3381 298 3431 Pro
317 3379 387 3432 bono.
408 3381 494 3450 Bene,
509 3395 540 3438 ut
560 3383 674 3452 dicitur,
717 3403 745 3438 ae
756 3383 880 3438 adversm
894 3397 1062 3456 erumpentes
1073 3397 1230 3438 tutarentur.

156 3478 204 3530 pro
218 3477 277 3511 uero
297 3471 401 3521 constat,
413 3469 460 3531 pro
481 3479 596 3536 comperto
612 3468 673 3533 suit.
717 3462 1231 3537 ldeoetiamaggeremturribusinstrue·

160 3539 232 3592 Suet.
244 3541 272 3591 in
286 3540 365 3605 Tito,
379 3557 458 3593 m:-
469 3541 552 3592 Atilii
566 3547 675 3598 eafama
716 3544 793 3610 hant,
802 3545 834 3598 iis
844 3544 966 3617 quidem
975 3563 1030 3598 non
1039 3557 1070 3598 ut
1078 3565 1137 3618 sup
1131 3544 1230 3609 .xxl,

157 3637 205 3689 pro
220 3619 281 3672 bono
295 3619 371 3672 cessit
378 3637 578 3690 ,conversaque
593 3637 631 3675 est
645 3627 674 3677 in
716 3627 910 3692 ambulatoriis,
917 3623 1086 3679 sedimmotis
1095 3639 1123 3679 et
1129 3623 1229 3678 stabili

160 3697 392 3752 maximaslaudes.
398 3698 673 3768 n—Abjuregentmm.
716 3705 774 3759 bus.
785 3707 896 3772 Vallum,
901 3718 988 3759 neutr.
982 3723 1106 3777 .‚genere
1112 3703 1232 3774 intellige

160 3776 595 3850 Nempeabinjnriisvindicandis,
600 3781 674 3851 quod
716 3785 1230 3857 aggeremipsumsiveaggestaminsossoe

161 3870 251 3928 gentes
265 3877 356 3912 omnes
368 3877 418 3930 pro
428 3860 500 3929 justo
509 3859 617 3914 habent.
716 3881 833 3936 margine
840 3860 1232 3936 terramsudrbusetpalrs(qu1

204 3938 228 3989 5.
244 3939 343 4012 Utrique
355 3938 529 4008 digrediuntur.
541 3937 612 3992 Hinc
621 3941 674 3993 Ro-
716 3945 811 3997 etvalli
822 3941 958 4010 dicuntur)
968 3945 1175 4016 munitamveg.
1185 3961 1231 4005 ιι,

160 4035 300 4072 manorum
312 4019 388 4090 legati
397 4056 405 4084 ‚
414 4019 477 4072 hinc
486 4019 672 4090 iugurtha-
718 4023 770 4089 ιθ,
784 4017 857 4096 Lips.
867 4025 981 4077 Poliorc.
992 4043 1029 4091 ιι,
1043 4025 1180 4079 nean.
1196 4023 1228 4076 B.

160 4097 307 4163 Adicerbdis
321 4099 466 4172 appellandi.
481 4100 548 4156 Cum
566 4098 671 4154 Adher·
715 4101 749 4156 G.
757 4121 855 4173 ιιι,7ι
866 4103 1232 4178 3nostrced.rol.1,p.369.
