2910 4666
513 397 855 466 FRAGMENTA.
1137 394 1211 491 393

164 521 282 614 possit,
295 545 379 613 quos
392 518 564 614 languidos
582 518 800 612 socordesque
816 517 1036 616 pertimuere?
1045 519 1116 588 Nisi
1129 519 1213 588 forte

164 629 204 694 C.
227 629 344 712 Cotta,
366 650 406 694 ex
432 625 573 694 factione
594 625 700 694 media
720 623 850 710 consul,
872 622 965 692 aliter
986 649 1084 718 quam
1104 637 1214 710 metu,

162 731 237 824 jura
250 732 398 824 quaedem
414 731 551 799 tribunis
567 728 670 825 plebis
683 731 831 799 restituit.
844 732 888 798 Et
902 753 1100 824 quamquam
1113 733 1151 798 L.
1166 731 1214 798 Si·

165 838 270 906 cinius
287 839 412 931 primus
427 837 467 905 de
481 851 641 931 potestate
655 836 829 905 tribunicio
840 835 930 929 loqui
946 859 1059 915 ausus,
1075 859 1217 904 mussan·

165 942 253 1010 tibus
271 943 383 1028 vobis,
402 945 643 1012 circumventus
664 957 750 1026 erat3
770 956 879 1010 tamen
895 943 985 1035 prius·
999 940 1045 1010 illi
1060 940 1216 1010 invidiam

165 1062 332 1130 metuere,
361 1073 460 1142 quam
488 1073 547 1116 vos
576 1049 700 1140 injuriae
731 1062 904 1142 pertaesum
933 1061 990 1115 est.
1022 1047 1122 1135 Quod
1155 1071 1218 1141 ego

166 1177 296 1246 nequeo
314 1157 393 1222 ‘satis
404 1156 540 1240 mirori‚·
551 1155 713 1242 Quirites:
729 1178 805 1222 nam
816 1177 907 1246 spem
924 1152 1045 1221 frustra
1059 1152 1158 1221 fiiisse
1169 1154 1216 1219 in·

166 1258 342 1328 tellexistis.
363 1259 453 1328 Sulla
468 1274 616 1346 mortuo,
631 1261 687 1353 qui
707 1259 879 1328 scelestum
896 1261 1095 1352 imposuerat
1114 1259 1219 1326 servi-

169 1366 267 1451 tium,
287 1364 386 1432 finem
406 1364 481 1434 mali
502 1366 707 1434 credebatis:
730 1381 821 1434 ortus
839 1378 888 1433 est
907 1363 1002 1458 longe
1021 1365 1137 1433 saevior
1155 1367 1218 1460 Ca·

168 1456 295 1538 tulus³².
322 1470 496 1540 Trunultus
517 1473 699 1541 intercessit
724 1474 826 1540 Bruto
846 1485 880 1539 et
901 1469 1030 1540 AEmiiio
1051 1471 1220 1538 Mamerco

169 1667 233 1706 runt
241 1667 326 1706 sutem
334 1671 341 1719 3
349 1673 409 1706 nam
419 1673 472 1706 non
482 1655 557 1706 alium
568 1655 603 1707 ob
613 1673 673 1708 cau·
718 1655 745 1707 in
759 1675 807 1708 suo
819 1655 886 1708 lecto
897 1655 1021 1707 inventus
1032 1667 1078 1707 est.
1093 1655 1161 1706 Eum
1170 1653 1222 1705 Cu·

170 1751 241 1796 sam,
267 1751 345 1804 quam
367 1734 402 1786 ob
422 1747 535 1790 metum,
552 1733 582 1786 C.
597 1736 675 1788 Cotta
717 1735 800 1787 rionis
812 1735 925 1787 consulis
933 1732 1035 1787 insidiis
1046 1734 1219 1804 interceptum

168 1815 228 1882 jura
242 1812 361 1884 quedam
373 1813 487 1866 tribunis
499 1813 621 1867 restituit.
636 1815 675 1866 De
718 1814 797 1866 tuisse
809 1814 888 1884 vulgo
904 1813 1027 1884 suspicati
1041 1825 1109 1866 sunt.
1123 1845 1163 1856 --
1177 1814 1219 1865 Ir-

171 1892 220 1944 hac
235 1893 401 1946 restitutione
420 1891 480 1944 vide
498 1911 557 1964 sup.
576 1913 603 1946 n.
626 1899 676 1959 ati;
721 1895 814 1945 sidiam.
838 1893 937 1946 Odium
956 1893 1073 1964 iramque
1098 1905 1219 1945 vestram.

171 1983 198 2023 et
211 1972 305 2024 Asoou.
320 1973 349 2024 in
362 1971 417 2025 cic.
429 1990 479 2042 pro
490 1973 622 2025 Cornelio.
635 2003 677 2016 -
724 1999 734 2019 a
745 1973 787 2024 tttt
801 1973 888 2043 prius,
909 1971 963 2024 odii
979 1973 1059 2024 vestri
1073 1984 1160 2034 metu,
1174 1971 1220 2024 ali-

172 2051 217 2102 Ex
226 2051 334 2116 strennue
354 2051 431 2102 media
453 2053 541 2104 consul.
565 2053 603 2104 Ex
621 2053 676 2122 ipsa
718 2050 783 2123 quid
799 2051 832 2104 de
845 2049 985 2122 tyrannide
995 2069 1040 2103 sua
1051 2052 1221 2112 remiserunt,

172 2129 341 2182 inimieorum
353 2143 499 2182 vestrorum
511 2129 676 2184 iectionede·
719 2149 797 2202 quam
811 2149 870 2194 vos,
886 2131 1041 2201 injuriarum
1055 2129 1146 2192 tedio,
1169 2129 1220 2182 illis

172 2222 311 2280 promptus
325 2207 358 2261 ad
371 2211 544 2263 consulatum.
566 2210 608 2263 Sic
622 2210 677 2261 sere
718 2211 823 2262 obviam
846 2210 957 2262 ivistis·
981 2241 1022 2251 -
1043 2209 1112 2279 Spem
1126 2211 1222 2276 frustra

174 2289 362 2359 interpretatur
381 2289 480 2340 Dureau
492 2290 522 2340 de
540 2291 566 2340 ta
577 2289 614 2342 Μ.
627 2307 635 2353 3
650 2301 677 2341 et
713 2292 797 2357 foisse.
815 2289 921 2342 Frustra
934 2307 981 2340 ros
995 2289 1152 2359 speravisse,
1173 2307 1222 2340 no-

172 2369 246 2438 jnre‚
260 2380 290 2419 ut
302 2368 407 2438 opinor.
417 2369 500 2436 Nem,
512 2387 595 2440 quum
603 2368 677 2420 istius
718 2369 784 2422 biles
791 2370 904 2440 aliquem
911 2367 1017 2421 demum
1029 2367 1131 2437 injuriis
1142 2366 1222 2420 finem

173 2447 294 2500 factionis
304 2459 369 2499 esset
379 2447 409 2500 C.
423 2449 512 2505 Cotta,
520 2461 591 2500 certe
600 2448 675 2508 nihii,
719 2449 841 2501 facturos.

174 2525 224 2578 nisi
235 2539 308 2578 metu
321 2539 440 2591 coactus,
453 2528 525 2598 plebi
534 2526 677 2580 concedere
761 2529 807 2581 32.
822 2527 930 2580 satirico.
947 2527 973 2579 Is
984 2528 1031 2599 qui
1041 2527 1132 2580 consul
1144 2525 1223 2578 colle·

158 2605 271 2676 'potuit
290 2606 413 2659 Ceterum
436 2607 531 2660 DeBr.
546 2610 677 2675 factionem
720 2625 758 2678 gre
769 2607 808 2659 sui
816 2605 909 2678 Lepidi
924 2619 1032 2658 conatus
1041 2605 1224 2678 repressit3Q.

175 2684 275 2736 medium
291 2684 414 2754 intelligit
425 2703 531 2750 eorum,
549 2686 595 2757 qui
609 2687 678 2738 inter
721 2687 821 2748 Catuli,
837 2687 1008 2738 Cimbrorum
1018 2685 1125 2738 victoris
1134 2697 1159 2738 et
1166 2685 1224 2736 Ma·

174 2763 267 2835 populi
280 2764 396 2816 universi
407 2781 562 2818 consensum
574 2779 600 2818 et
612 2785 677 2837 pau·
721 2767 794 2819 riana
813 2765 912 2818 invidia
929 2765 1062 2836 oppressi,
1082 2765 1168 2829 iilius,
1183 2765 1224 2816 vir

174 2843 401 2902 eornmuobiiinm
411 2841 617 2898 dominationem
627 2863 680 2897 me·
721 2846 749 2898 in
763 2859 889 2917 corrupto
911 2845 1005 2897 saeculo
1023 2843 1161 2916 probitatis
1184 2843 1224 2896 in·

174 2921 677 2989 dinmiter‚inrebusadsuiniatrsndis‚
721 2925 884 2996 tegerrimse,
909 2925 999 2977 necin
1013 2925 1090 2976 rebus
1105 2923 1226 2974 civilibus

174 3015 265 3055 tenere
271 3002 480 3067 constituentium
492 3003 613 3075 hancque
626 3003 679 3056 fac·
722 3006 820 3062 minor,
838 3023 916 3075 quam
927 3003 1068 3075 Pompeius
1079 3003 1105 3055 in
1114 3003 1226 3070 bellicis,

175 3082 275 3134 tionem
287 3084 679 3153 rocat‚untiersparti.Qureai
723 3097 788 3137 teste
808 3085 863 3137 Cic.
884 3083 986 3136 deott.
1010 3101 1037 3147 1,
1061 3103 1104 3136 rs.
1133 3081 1227 3146 Hunc,

175 3178 294 3232 unquam
315 3161 406 3212 Rome
420 3160 484 3225 tuit,
504 3181 559 3214 non
580 3163 680 3214 mediam
722 3181 801 3234 quem
811 3163 880 3234 sylis
889 3161 1228 3234 ipsoseevioremvocatMa·

175 3253 220 3292 aut
241 3241 336 3290 tertiam
352 3237 415 3305 diu,
442 3239 487 3292 sed
509 3259 570 3293 mox
590 3243 680 3292 nullom
723 3262 780 3306 cer,
804 3242 904 3313 egregie
922 3242 1033 3293 absolvit
1050 3239 1226 3293 honorificen-
1253 3239 1256 3248 ’

175 3319 256 3372 fuisse
268 3317 680 3385 eredereticet.Quatisestenim
724 3323 853 3374 tissimum
873 3321 1077 3390 populiromani
1089 3317 1226 3389 judicium.

175 3399 273 3465 factio,
287 3415 346 3468 quse
357 3415 444 3469 neque
457 3399 620 3460 multitudine,
634 3419 680 3451 ne-
724 3401 812 3465 Quum
824 3399 895 3451 enim
908 3399 990 3469 legem
1005 3399 1159 3454 Gabiniam,
1177 3417 1228 3468 qua

176 3495 229 3550 qne
239 3481 324 3548 paucis
336 3477 442 3541 nititur,
456 3479 545 3551 sicque
556 3497 588 3532 ex
601 3479 682 3531 nemi·
725 3479 851 3550 Pompeio
858 3475 981 3530 adversus
991 3479 1087 3548 piratas
1100 3477 1229 3529 bellaturo

177 3559 220 3610 nis
236 3557 374 3609 voluntate
390 3559 578 3629 rempublicam
599 3557 681 3629 gerit?
725 3559 867 3629 imperium
879 3555 1228 3610 totiusiereorbiscommit·

177 3667 219 3681 ι-
240 3635 403 3688 Mssssrstibus
425 3637 502 3690 soto.
524 3638 585 3690 Non
601 3638 682 3690 recla-
727 3639 851 3700 tebstur,
878 3634 1029 3690 dissuadens
1047 3635 1156 3690 Catulus
1180 3635 1227 3686 «in

179 3713 328 3780 mentibus,
339 3713 606 3772 sedoccultotsntnm
613 3736 685 3770 mur·
726 3717 853 3771 concione
866 3715 972 3769 dixisset
985 3709 996 3784 (
1008 3715 1094 3786 inquit
1105 3713 1175 3766 Veli.
1190 3731 1229 3778 rr,

179 3811 257 3848 mure
269 3805 367 3848 sortem
380 3797 436 3864 ejus
448 3797 626 3866 querentibus.
644 3827 684 3839 -
729 3795 777 3860 31)
785 3835 792 3863 ,
801 3815 855 3850 esse
865 3795 971 3866 quidem
979 3796 1132 3867 preclarum
1144 3793 1230 3845 virum

183 3873 360 3926 circumventus
383 3886 442 3925 emt.
470 3875 597 3942 Sicinius,
620 3875 684 3928 dum
728 3877 779 3930 Cn.
794 3877 966 3946 Pompeium,
986 3873 1032 3927 sed
1048 3873 1158 3926 nimium
1178 3874 1232 3944 jam

182 3952 257 4004 omni
270 3971 321 4023 ope
336 3953 482 4018 niteretur,
495 3967 525 4007 ut
538 3955 686 4008 tribnmcie
728 3955 818 4008 liberie
831 3955 994 4026 reipublice,
1003 3971 1088 4025 neque
1101 3951 1189 4004 omnis
1203 3953 1232 4004 in

181 4031 318 4104 potestatis
327 4033 387 4100 jura
399 4029 558 4102 vindicaret,
580 4045 686 4088 necatus
729 4051 785 4088 nno
800 4033 966 4106 reponenda,
990 4031 1196 4105 adjecissetque:
1210 4032 1232 4084 si
