2950 4646
564 403 584 472 J
593 403 874 474 UGURTIIA.
1169 430 1239 478 201

179 554 232 610 tor
259 535 631 631 erat,ed1ugurtham
660 537 866 628 mitteretur,
887 559 1029 633 eumque
1052 539 1248 635 interposite

178 646 244 716 fide
263 643 417 741 publicu,
435 645 578 714 Romam
597 643 755 730 duceret3
773 669 840 742 quo
857 644 985 716 facilius
1004 645 1124 717 indicio
1143 650 1247 744 regis,

180 755 296 824 Scauri
316 767 350 822 et
367 751 589 846 reliquorum,
608 777 691 847 quos
713 753 862 848 pecuniae
882 767 988 849 captae
1008 753 1248 844 arcessebant

181 860 299 930 delicta
314 860 518 955 patefierent.
538 861 631 930 Dum
647 859 719 932 baec
737 862 852 932 Romae
868 851 1049 956 geruntur,
1063 862 1120 956 qui
1135 863 1169 932 in
1182 863 1249 934 Nu·

181 967 281 1038 midia
298 966 403 1038 relicti
423 992 445 1036 a
464 968 572 1038 Bestia
591 968 749 1038 exercitui
770 982 950 1064 praeerant,
972 970 1101 1063 sequuti
1119 993 1248 1040 morem

181 1075 410 1170 imperatoris,
437 1073 579 1171 plurima
605 1086 639 1144 et
670 1073 934 1170 flagitiosissuma
950 1072 1098 1146 Iacirrota
1130 1076 1248 1148 secere.

182 1183 303 1270 Fuere,
316 1184 374 1277 qui
387 1207 469 1253 auro
490 1183 639 1278 corrupti
659 1179 854 1276 elephantos
870 1185 890 1252 J
891 1181 1044 1314 ugurtha
1057 1181 1226 1254 traderent
1239 1209 1248 1251 t

182 1287 235 1358 alii
249 1288 406 1385 perbrgas
419 1289 578 1381 vendere,
588 1303 624 1358 et
637 1311 714 1384 pars
726 1313 767 1358 ex
779 1290 904 1385 pacatis
942 1288 1071 1384 praedas
1087 1289 1248 1385 agebant:

183 1409 273 1466 tanta
293 1399 344 1466 vis
365 1397 509 1468 avaritie
530 1399 565 1466 in
582 1397 710 1468 animos
731 1421 864 1482 eorum,
877 1395 980 1466 veluti
995 1395 1103 1480 tabes,
1121 1398 1249 1467 invase·

182 1517 241 1572 rat
261 1504 306 1572 At
324 1505 476 1594 Cassius,
492 1503 619 1602 perlata
635 1491 828 1600 rogatione⁴
842 1528 863 1573 a
875 1505 914 1573 C.
931 1503 1109 1590 Memmio,
1121 1527 1160 1574 ac
1174 1529 1249 1600 per·

184 1608 273 1680 culsa
294 1614 385 1682 omni
407 1611 598 1702 nobilitate,
619 1611 662 1682 ad
678 1611 879 1707 Iugurtham
897 1610 1137 1708 proficiscitur3
1155 1614 1250 1708 eique

182 1717 298 1788 timido
316 1733 350 1788 et
367 1745 408 1790 ert
429 1719 631 1792 couscientia
658 1717 821 1790 diffidenti
847 1717 947 1788 rebus
968 1720 1035 1790 suis
1056 1719 1251 1814 persuadet,

183 1827 339 1919 quoniam
364 1851 399 1896 se
422 1825 548 1924 populo
577 1849 717 1897 romano
741 1825 939 1914 dedidisset,
964 1851 1007 1896 ne
1034 1827 1125 1915 vim,
1150 1851 1250 1921 quam
1316 1918 1319 1928 Ι

183 1933 445 2006 misericordiam
466 1935 609 2032 experiri
630 1931 766 2004 mallet:
788 1935 946 2028 privatim
968 1947 1128 2027 praeterea
1148 1932 1251 2004 fidem

183 2064 275 2110 suam
293 2042 493 2138 interponit,
513 2067 614 2137 quam
634 2038 688 2110 ille
710 2065 780 2110 non
803 2041 941 2110 minoris
963 2063 1063 2133 quam
1082 2037 1250 2134 publicam

184 2146 327 2218 ducebat
346 2148 445 2220 :talis
466 2173 505 2218 ea
526 2161 724 2244 tempestate
742 2145 831 2216 fama
851 2147 894 2216 de
912 2147 1027 2216 Cassio
1048 2159 1129 2214 erat.

234 2258 398 2326 XXXIII.
427 2257 537 2351 Igitur
554 2254 735 2351 Iugurtha,
748 2268 865 2323 contra
883 2253 985 2324 decus
998 2254 1144 2349 regium,
1157 2250 1251 2322 cultu

184 2385 282 2456 quam
302 2387 457 2433 maxume
474 2360 682 2448 miserabili¹,
693 2387 770 2431 cum
785 2363 901 2431 Cassio
920 2362 1064 2429 Romam
1084 2359 1184 2428 venit
1201 2360 1250 2428 Ac

185 2471 313 2538 tametsi
341 2473 376 2538 in
401 2473 474 2566 ipso
497 2495 618 2565 magna
641 2471 693 2539 vis
716 2469 819 2538 animi
846 2481 943 2553 erat;
966 2466 1183 2536 confirmatus
1209 2465 1251 2533 ab

185 2577 340 2646 omnibus
351 2573 375 2664 ²,
393 2603 536 2672 quorum
555 2578 703 2673 potentia
722 2591 781 2646 aut
803 2574 927 2646 scelere
947 2589 1069 2644 cuncta
1085 2585 1251 2670 gesserat,

186 2777 279 2830 m,7:
293 2787 305 2808 ι
320 2762 384 2833 Ejus
394 2761 644 2834 tribunal,propter
655 2761 696 2814 ni·
738 2772 792 2826 est,
812 2779 898 2832 usqne
919 2758 953 2812 ad
974 2759 1148 2812 coustitutum
1169 2756 1251 2810 linem

186 2840 264 2892 mam
272 2841 445 2904 severitatem,
455 2842 696 2913 scopulusreorum
738 2841 816 2894 ferre.
842 2842 883 2893 De
906 2841 959 2911 Iege
984 2857 1014 2892 sc
1032 2841 1171 2910 rogatione,
1188 2836 1250 2891 vide

186 2916 330 2974 dicebatur.
340 2948 351 2968 ι
365 2923 444 2976 Nunc
455 2935 527 2994 patet
535 2941 584 2975 cur
592 2921 637 2975 ille
646 2939 695 2992 po·
739 2919 873 2986 Gellium,
885 2939 918 2984 x,
937 2940 982 2973 co.

186 2999 694 3055 tissimuminttumidiammissustnerit.
779 3002 845 3054 Cea.
865 3001 994 3054 xxxltt.
1027 3017 1050 3052 1.
1082 2997 1156 3051 Cultu
1178 3017 1249 3070 quum

227 3101 252 3134 s.
291 3082 360 3151 Quos
371 3086 479 3154 peetsnia
498 3095 575 3153 eaptoe
593 3101 696 3134 arcesse-
739 3101 848 3134 mucuns
862 3079 999 3132 miserabili.
1011 3079 1103 3145 Qualis
1116 3079 1183 3132 solet
1195 3095 1250 3130 esse

187 3161 252 3214 beat.
266 3162 342 3228 Quos
350 3175 461 3234 propter
473 3162 574 3216 mimen
584 3174 697 3233 accepta
738 3179 860 3226 reorum,
867 3173 913 3214 ant
921 3159 1134 3232 deprecantium,
1141 3156 1249 3231 quando

187 3241 338 3313 eJugurtbt
347 3243 465 3318 pecuniae
472 3243 500 3296 in
507 3245 550 3316 jus
557 3243 695 3296 vocabant.
739 3239 947 3294 misericordium
958 3257 1065 3292 movere
1073 3239 1167 3292 volunt
1177 3257 1184 3291 :
1194 3255 1250 3292 ves·

226 3322 252 3376 3.
280 3323 323 3374 Ee
339 3328 444 3394 panorm
459 3324 501 3377 Se.
526 3323 696 3393 regionibus,
738 3333 765 3373 te
780 3318 916 3392 squalida,
929 3319 1011 3373 barba
1022 3319 1172 3390 capilloque
1185 3335 1249 3388 pro·

186 3419 244 3472 quse
255 3402 379 3456 hastilibus
387 3415 570 3476 opponuntur.
579 3433 620 3446 --·
630 3402 696 3455 Vere·
738 3400 832 3453 missis.
847 3400 889 3452 En
900 3400 945 3452 ille
958 3398 1006 3470 qui
1019 3396 1088 3451 duos
1101 3398 1196 3450 fratres
1207 3415 1252 3449 oc·

186 3481 286 3535 dere...
307 3483 420 3553 agebunt.
437 3483 556 3536 Similem
576 3483 696 3534 moderetis
738 3477 817 3544 cidit,
825 3497 938 3551 regnum
946 3497 995 3550 per
1005 3477 1089 3532 scelus
1097 3476 1250 3550 occupauit,

187 3559 366 3616 diversitatem
381 3562 696 3630 vide,iuCatil.XX1‚
738 3579 874 3614 romanam
893 3557 1056 3631 potentiam,
1073 3557 1156 3612 buturi
1175 3575 1250 3610 secu·

188 3645 340 3713 increpat...
355 3643 469 3708 laudare,
485 3643 635 3697 admonius.
738 3659 802 3707 rus,
816 3640 1007 3696 contumaciter
1021 3637 1115 3692 elusit!

226 3729 253 3786 4.
275 3723 376 3778 Perluta
392 3727 523 3795 uegetiore.
548 3725 664 3794 Accepta
680 3741 697 3776 a
782 3741 796 3774 a
820 3719 981 3790 Corfirmuttts
1001 3719 1033 3772 ad
1054 3719 1170 3772 omtddus.
1198 3716 1250 3770 llic

187 3803 287 3875 populo
307 3803 381 3876 lege.
399 3823 480 3877 pratu
495 3805 592 3858 tulerat
609 3803 697 3856 Mem·
738 3801 850 3874 incipit,
871 3799 1003 3873 quidquid
1033 3801 1062 3854 in
1087 3798 1249 3856 contrarium

187 3883 264 3938 nius.
286 3885 364 3956 Iegis
381 3885 453 3938 enim
471 3889 567 3956 rogatio
579 3883 695 3950 dieitur,
738 3879 856 3954 disputet
870 3881 994 3946 certius,
1005 3878 1118 3934 secundat
1130 3897 1191 3950 pars
1206 3895 1251 3948 pe·

186 3964 247 4032 quia
262 3965 409 4035 mgabutur,
421 3985 471 4019 seu
484 3965 697 4037 interrogabatur
738 3961 822 4028 riodi,
834 3961 1031 4034 becqueverba
1041 3955 1250 4030 precedentibus

186 4045 482 4116 populus,relletueec
494 4041 697 4118 juberet‚quod
738 4055 922 4116 opponuntur.
947 4041 1049 4112 Nempe
1076 4041 1130 4110 jum
1154 4055 1203 4109 per
1222 4054 1270 4112 se,

188 4126 355 4197 moriam
379 4139 444 4182 erat
469 4127 582 4194 Persem
608 4135 696 4180 sutem
739 4123 829 4195 ipsum
839 4121 971 4193 Iugurtha
990 4137 1111 4204 magnum
1125 4118 1179 4174 rim
1193 4117 1251 4172 eni·
