<?xml version="1.0" encoding="UTF-8"?>
<!DOCTYPE html PUBLIC "-//W3C//DTD XHTML 1.0 Transitional//EN"
    "http://www.w3.org/TR/xhtml1/DTD/xhtml1-transitional.dtd">
<html xmlns="http://www.w3.org/1999/xhtml" xml:lang="en" lang="en">
 <head>
  <title>
</title>
<meta http-equiv="Content-Type" content="text/html;charset=utf-8" />
  <meta name='ocr-system' content='tesseract 3.04.00' />
  <meta name='ocr-capabilities' content='ocr_page ocr_carea ocr_par ocr_line ocrx_word'/>
</head>
<body>
  <div class='ocr_page' id='page_1' title='image "./caiuscrispussal01sallgoog_0538.png"; bbox 0 0 2950 4648; ppageno 0'>
   <div class='ocr_carea' id='block_1_1' title="bbox 220 413 965 517">
    <p class='ocr_par' dir='ltr' id='par_1_1' title="bbox 220 413 965 517">
     <span class='ocr_line' id='line_1_1' title="bbox 220 413 965 517; baseline -0.017 -25"><span class='ocrx_word' id='word_1_1' title='bbox 220 425 296 517; x_wconf 73' lang='lat'><strong>470</strong></span> <span class='ocrx_word' id='word_1_2' title='bbox 539 421 608 488; x_wconf 80' lang='lat' dir='ltr'><strong>AD</strong></span> <span class='ocrx_word' id='word_1_3' title='bbox 636 423 674 488; x_wconf 90' lang='lat' dir='ltr'><strong>C.</strong></span> <span class='ocrx_word' id='word_1_4' title='bbox 704 413 965 486; x_wconf 80' lang='lat' dir='ltr'><strong>CAESAREM</strong></span> 
     </span>
    </p>
   </div>
   <div class='ocr_carea' id='block_1_2' title="bbox 217 545 1282 1922">
    <p class='ocr_par' dir='ltr' id='par_1_2' title="bbox 217 545 1281 861">
     <span class='ocr_line' id='line_1_2' title="bbox 220 545 1281 647; baseline -0.01 -25"><span class='ocrx_word' id='word_1_5' title='bbox 220 579 240 622; x_wconf 87' lang='lat' dir='ltr'><strong>a</strong></span> <span class='ocrx_word' id='word_1_6' title='bbox 256 552 435 647; x_wconf 87' lang='lat' dir='ltr'><strong>majoribus</strong></span> <span class='ocrx_word' id='word_1_7' title='bbox 449 555 583 647; x_wconf 84' lang='lat' dir='ltr'><strong>accepi,</strong></span> <span class='ocrx_word' id='word_1_8' title='bbox 604 554 637 620; x_wconf 94' lang='lat' dir='ltr'><strong>in</strong></span> <span class='ocrx_word' id='word_1_9' title='bbox 659 567 787 646; x_wconf 88' lang='lat' dir='ltr'><strong>patres,</strong></span> <span class='ocrx_word' id='word_1_10' title='bbox 803 561 837 615; x_wconf 85' lang='lat' dir='ltr'><strong>et</strong></span> <span class='ocrx_word' id='word_1_11' title='bbox 849 545 991 641; x_wconf 85' lang='lat' dir='ltr'><strong>plebem.</strong></span> <span class='ocrx_word' id='word_1_12' title='bbox 1011 549 1115 614; x_wconf 82' lang='lat' dir='ltr'><strong>Antea</strong></span> <span class='ocrx_word' id='word_1_13' title='bbox 1129 545 1163 612; x_wconf 95' lang='lat' dir='ltr'><strong>in</strong></span> <span class='ocrx_word' id='word_1_14' title='bbox 1178 545 1281 638; x_wconf 88' lang='lat' dir='ltr'><strong>patri·</strong></span> 
     </span>
     <span class='ocr_line' id='line_1_3' title="bbox 218 648 1279 745; baseline -0.009 -17"><span class='ocrx_word' id='word_1_15' title='bbox 218 661 280 728; x_wconf 93' lang='lat' dir='ltr'><strong>bus</strong></span> <span class='ocrx_word' id='word_1_16' title='bbox 299 683 427 728; x_wconf 91' lang='lat' dir='ltr'><strong>summa</strong></span> <span class='ocrx_word' id='word_1_17' title='bbox 441 661 618 728; x_wconf 79' lang='lat' dir='ltr'><strong>auctoritas</strong></span> <span class='ocrx_word' id='word_1_18' title='bbox 632 673 720 745; x_wconf 89' lang='lat' dir='ltr'><strong>erat,</strong></span> <span class='ocrx_word' id='word_1_19' title='bbox 739 659 789 726; x_wconf 85' lang='lat' dir='ltr'><strong>vis</strong></span> <span class='ocrx_word' id='word_1_20' title='bbox 811 651 918 722; x_wconf 89' lang='lat' dir='ltr'><strong>multo</strong></span> <span class='ocrx_word' id='word_1_21' title='bbox 932 648 1106 722; x_wconf 80' lang='lat' dir='ltr'><strong>maxuma²</strong></span> <span class='ocrx_word' id='word_1_22' title='bbox 1126 653 1160 718; x_wconf 92' lang='lat' dir='ltr'><strong>in</strong></span> <span class='ocrx_word' id='word_1_23' title='bbox 1175 649 1279 744; x_wconf 84' lang='lat' dir='ltr'><strong>plebe.</strong></span> 
     </span>
     <span class='ocr_line' id='line_1_4' title="bbox 217 754 1279 861; baseline -0.011 -27"><span class='ocrx_word' id='word_1_24' title='bbox 217 769 335 861; x_wconf 86' lang='lat' dir='ltr'><strong>Itaque</strong></span> <span class='ocrx_word' id='word_1_25' title='bbox 353 767 470 860; x_wconf 82' lang='lat' dir='ltr'><strong>saepiu&#39;s</strong></span> <span class='ocrx_word' id='word_1_26' title='bbox 492 767 525 832; x_wconf 95' lang='lat' dir='ltr'><strong>in</strong></span> <span class='ocrx_word' id='word_1_27' title='bbox 544 766 675 833; x_wconf 85' lang='lat' dir='ltr'><strong>civitate</strong></span> <span class='ocrx_word' id='word_1_28' title='bbox 694 764 833 833; x_wconf 82' lang='lat' dir='ltr'><strong>secessio</strong></span> <span class='ocrx_word' id='word_1_29' title='bbox 852 761 933 830; x_wconf 83' lang='lat' dir='ltr'><strong>fuir·</strong></span> <span class='ocrx_word' id='word_1_30' title='bbox 925 777 1149 853; x_wconf 86' lang='lat' dir='ltr'><strong>‚semperque</strong></span> <span class='ocrx_word' id='word_1_31' title='bbox 1158 754 1279 824; x_wconf 91' lang='lat' dir='ltr'><strong>nobili-</strong></span> 
     </span>
    </p>

    <p class='ocr_par' dir='ltr' id='par_1_3' title="bbox 217 860 1282 1922">
     <span class='ocr_line' id='line_1_5' title="bbox 217 860 1279 966; baseline -0.01 -26"><span class='ocrx_word' id='word_1_32' title='bbox 217 875 293 942; x_wconf 86' lang='lat' dir='ltr'><strong>tatis</strong></span> <span class='ocrx_word' id='word_1_33' title='bbox 315 892 394 966; x_wconf 89' lang='lat' dir='ltr'><strong>opes</strong></span> <span class='ocrx_word' id='word_1_34' title='bbox 408 871 586 941; x_wconf 85' lang='lat' dir='ltr'><strong>deminutae</strong></span> <span class='ocrx_word' id='word_1_35' title='bbox 601 885 696 956; x_wconf 88' lang='lat' dir='ltr'><strong>sunt,</strong></span> <span class='ocrx_word' id='word_1_36' title='bbox 708 885 741 938; x_wconf 87' lang='lat' dir='ltr'><strong>et</strong></span> <span class='ocrx_word' id='word_1_37' title='bbox 752 871 806 963; x_wconf 87' lang='lat' dir='ltr'><strong>jus</strong></span> <span class='ocrx_word' id='word_1_38' title='bbox 827 861 1201 964; x_wconf 84' lang='lat' dir='ltr'><strong>populiamplilioaturn.</strong></span> <span class='ocrx_word' id='word_1_39' title='bbox 1216 860 1279 930; x_wconf 85' lang='lat' dir='ltr'><strong>Sed</strong></span> 
     </span>
     <span class='ocr_line' id='line_1_6' title="bbox 219 967 1281 1073; baseline -0.011 -26"><span class='ocrx_word' id='word_1_40' title='bbox 219 978 331 1073; x_wconf 89' lang='lat' dir='ltr'><strong>plebes</strong></span> <span class='ocrx_word' id='word_1_41' title='bbox 350 1003 390 1047; x_wconf 92' lang='lat' dir='ltr'><strong>eo</strong></span> <span class='ocrx_word' id='word_1_42' title='bbox 404 976 506 1046; x_wconf 91' lang='lat' dir='ltr'><strong>libere</strong></span> <span class='ocrx_word' id='word_1_43' title='bbox 518 977 681 1072; x_wconf 80' lang='lat' dir='ltr'>agitabat,</span> <span class='ocrx_word' id='word_1_44' title='bbox 696 977 772 1070; x_wconf 91' lang='lat' dir='ltr'><strong>quia</strong></span> <span class='ocrx_word' id='word_1_45' title='bbox 787 975 907 1044; x_wconf 91' lang='lat' dir='ltr'><strong>nullius</strong></span> <span class='ocrx_word' id='word_1_46' title='bbox 921 972 1069 1070; x_wconf 79' lang='lat' dir='ltr'><strong>potentia</strong></span> <span class='ocrx_word' id='word_1_47' title='bbox 1083 993 1182 1063; x_wconf 87' lang='lat' dir='ltr'><strong>snper</strong></span> <span class='ocrx_word' id='word_1_48' title='bbox 1194 967 1281 1062; x_wconf 81' lang='lat' dir='ltr'><strong>leges</strong></span> 
     </span>
     <span class='ocr_line' id='line_1_7' title="bbox 218 1075 1278 1179; baseline -0.01 -26"><span class='ocrx_word' id='word_1_49' title='bbox 218 1100 301 1153; x_wconf 87' lang='lat' dir='ltr'><strong>erat·</strong></span> <span class='ocrx_word' id='word_1_50' title='bbox 294 1109 425 1179; x_wconf 91' lang='lat' dir='ltr'><strong>‚neque</strong></span> <span class='ocrx_word' id='word_1_51' title='bbox 440 1084 577 1170; x_wconf 89' lang='lat' dir='ltr'><strong>divitiis,</strong></span> <span class='ocrx_word' id='word_1_52' title='bbox 590 1099 648 1152; x_wconf 88' lang='lat' dir='ltr'><strong>aut</strong></span> <span class='ocrx_word' id='word_1_53' title='bbox 661 1082 831 1178; x_wconf 89' lang='lat' dir='ltr'><strong>superbia,</strong></span> <span class='ocrx_word' id='word_1_54' title='bbox 845 1083 903 1151; x_wconf 89' lang='lat' dir='ltr'><strong>sed</strong></span> <span class='ocrx_word' id='word_1_55' title='bbox 914 1075 1106 1151; x_wconf 72' lang='lat' dir='ltr'><strong>bonafama</strong></span> <span class='ocrx_word' id='word_1_56' title='bbox 1122 1075 1278 1166; x_wconf 83' lang='lat' dir='ltr'><strong>factisque</strong></span> 
     </span>
     <span class='ocr_line' id='line_1_8' title="bbox 219 1139 1280 1284; baseline -0.011 -24"><span class='ocrx_word' id='word_1_57' title='bbox 219 1191 360 1260; x_wconf 87' lang='lat' dir='ltr'><strong>fortibus</strong></span> <span class='ocrx_word' id='word_1_58' title='bbox 383 1187 501 1260; x_wconf 91' lang='lat' dir='ltr'><strong>nobilis</strong></span> <span class='ocrx_word' id='word_1_59' title='bbox 523 1139 700 1284; x_wconf 83' lang='lat' dir='ltr'><strong>igriobilem</strong></span> <span class='ocrx_word' id='word_1_60' title='bbox 722 1188 895 1257; x_wconf 84' lang='lat' dir='ltr'><strong>anteibat:</strong></span> <span class='ocrx_word' id='word_1_61' title='bbox 920 1184 1126 1257; x_wconf 80' lang='lat' dir='ltr'><strong>humillimus</strong></span> <span class='ocrx_word' id='word_1_62' title='bbox 1141 1183 1280 1277; x_wconf 86' lang='lat' dir='ltr'><strong>quisque</strong></span> 
     </span>
     <span class='ocr_line' id='line_1_9' title="bbox 219 1287 1280 1390; baseline -0.011 -24"><span class='ocrx_word' id='word_1_63' title='bbox 219 1300 253 1366; x_wconf 93' lang='lat' dir='ltr'><strong>in</strong></span> <span class='ocrx_word' id='word_1_64' title='bbox 272 1299 391 1384; x_wconf 91' lang='lat' dir='ltr'><strong>armis,</strong></span> <span class='ocrx_word' id='word_1_65' title='bbox 406 1310 465 1365; x_wconf 90' lang='lat' dir='ltr'><strong>aut</strong></span> <span class='ocrx_word' id='word_1_66' title='bbox 474 1296 603 1384; x_wconf 83' lang='lat' dir='ltr'><strong>rnrlrtia,</strong></span> <span class='ocrx_word' id='word_1_67' title='bbox 619 1293 739 1364; x_wconf 93' lang='lat' dir='ltr'><strong>nullius</strong></span> <span class='ocrx_word' id='word_1_68' title='bbox 753 1294 900 1364; x_wconf 82' lang='lat' dir='ltr'><strong>honestae</strong></span> <span class='ocrx_word' id='word_1_69' title='bbox 918 1297 965 1364; x_wconf 91' lang='lat' dir='ltr'><strong>rei</strong></span> <span class='ocrx_word' id='word_1_70' title='bbox 978 1319 1094 1390; x_wconf 82' lang='lat' dir='ltr'><strong>egens,</strong></span> <span class='ocrx_word' id='word_1_71' title='bbox 1112 1289 1191 1359; x_wconf 83' lang='lat' dir='ltr'><strong>satis</strong></span> <span class='ocrx_word' id='word_1_72' title='bbox 1205 1287 1280 1374; x_wconf 88' lang='lat' dir='ltr'><strong>sibi,</strong></span> 
     </span>
     <span class='ocr_line' id='line_1_10' title="bbox 220 1379 1280 1498; baseline -0.004 -26"><span class='ocrx_word' id='word_1_73' title='bbox 220 1405 362 1498; x_wconf 87' lang='lat' dir='ltr'><strong>satisque</strong></span> <span class='ocrx_word' id='word_1_74' title='bbox 372 1404 486 1497; x_wconf 78' lang='lat' dir='ltr'><strong>patriae</strong></span> <span class='ocrx_word' id='word_1_75' title='bbox 499 1417 578 1471; x_wconf 89' lang='lat' dir='ltr'><strong>erat.</strong></span> <span class='ocrx_word' id='word_1_76' title='bbox 596 1401 660 1471; x_wconf 89' lang='lat' dir='ltr'><strong>Sed</strong></span> <span class='ocrx_word' id='word_1_77' title='bbox 677 1401 735 1469; x_wconf 92' lang='lat' dir='ltr'><strong>ubi</strong></span> <span class='ocrx_word' id='word_1_78' title='bbox 748 1425 805 1470; x_wconf 90' lang='lat' dir='ltr'><strong>eos</strong></span> <span class='ocrx_word' id='word_1_79' title='bbox 815 1400 983 1496; x_wconf 83' lang='lat' dir='ltr'><strong>paullatim</strong></span> <span class='ocrx_word' id='word_1_80' title='bbox 996 1399 1150 1496; x_wconf 84' lang='lat' dir='ltr'><strong>expulsos</strong></span> <span class='ocrx_word' id='word_1_81' title='bbox 1162 1379 1268 1490; x_wconf 51' lang='grc' dir='ltr'><strong>ψ’</strong></span> <span class='ocrx_word' id='word_1_82' title='bbox 1269 1448 1280 1481; x_wconf 86' lang='grc'><em>,</em></span> 
     </span>
     <span class='ocr_line' id='line_1_11' title="bbox 221 1507 1281 1603; baseline -0.007 -24"><span class='ocrx_word' id='word_1_83' title='bbox 221 1512 336 1579; x_wconf 87' lang='lat' dir='ltr'><strong>inertia</strong></span> <span class='ocrx_word' id='word_1_84' title='bbox 362 1525 460 1603; x_wconf 89' lang='lat' dir='ltr'><strong>atque</strong></span> <span class='ocrx_word' id='word_1_85' title='bbox 478 1511 591 1603; x_wconf 89' lang='lat' dir='ltr'><strong>inopia</strong></span> <span class='ocrx_word' id='word_1_86' title='bbox 609 1511 750 1576; x_wconf 90' lang='lat' dir='ltr'><strong>incertas</strong></span> <span class='ocrx_word' id='word_1_87' title='bbox 769 1508 885 1577; x_wconf 88' lang='lat' dir='ltr'><strong>domos</strong></span> <span class='ocrx_word' id='word_1_88' title='bbox 905 1507 1027 1576; x_wconf 89' lang='lat' dir='ltr'><strong>habere</strong></span> <span class='ocrx_word' id='word_1_89' title='bbox 1049 1507 1195 1602; x_wconf 80' lang='lat' dir='ltr'><strong>subegit3</strong></span> <span class='ocrx_word' id='word_1_90' title='bbox 1216 1527 1281 1572; x_wconf 76' lang='lat' dir='ltr'><strong>ete·</strong></span> 
     </span>
     <span class='ocr_line' id='line_1_12' title="bbox 222 1609 1282 1711; baseline -0.005 -27"><span class='ocrx_word' id='word_1_91' title='bbox 222 1641 300 1711; x_wconf 88' lang='lat' dir='ltr'><strong>pere</strong></span> <span class='ocrx_word' id='word_1_92' title='bbox 319 1615 440 1684; x_wconf 92' lang='lat' dir='ltr'><strong>alienas</strong></span> <span class='ocrx_word' id='word_1_93' title='bbox 457 1639 537 1709; x_wconf 88' lang='lat' dir='ltr'><strong>opes</strong></span> <span class='ocrx_word' id='word_1_94' title='bbox 557 1630 684 1710; x_wconf 86' lang='lat' dir='ltr'><strong>petere,</strong></span> <span class='ocrx_word' id='word_1_95' title='bbox 702 1613 886 1683; x_wconf 85' lang='lat' dir='ltr'><strong>libertatem</strong></span> <span class='ocrx_word' id='word_1_96' title='bbox 905 1639 998 1682; x_wconf 90' lang='lat' dir='ltr'><strong>suam</strong></span> <span class='ocrx_word' id='word_1_97' title='bbox 1014 1639 1091 1683; x_wconf 92' lang='lat' dir='ltr'><strong>cum</strong></span> <span class='ocrx_word' id='word_1_98' title='bbox 1111 1609 1282 1707; x_wconf 75' lang='lat' dir='ltr'><strong>republica</strong></span> 
     </span>
     <span class='ocr_line' id='line_1_13' title="bbox 222 1719 1279 1815; baseline -0.004 -26"><span class='ocrx_word' id='word_1_99' title='bbox 222 1719 371 1790; x_wconf 85' lang='lat' dir='ltr'><strong>venalem</strong></span> <span class='ocrx_word' id='word_1_100' title='bbox 389 1721 521 1789; x_wconf 86' lang='lat' dir='ltr'><strong>habere.</strong></span> <span class='ocrx_word' id='word_1_101' title='bbox 533 1723 585 1789; x_wconf 87' lang='lat' dir='ltr'><strong>lta</strong></span> <span class='ocrx_word' id='word_1_102' title='bbox 595 1719 765 1815; x_wconf 86' lang='lat' dir='ltr'><strong>paullatim</strong></span> <span class='ocrx_word' id='word_1_103' title='bbox 782 1719 943 1815; x_wconf 85' lang='lat' dir='ltr'><strong>populus,</strong></span> <span class='ocrx_word' id='word_1_104' title='bbox 955 1723 1010 1815; x_wconf 93' lang='lat' dir='ltr'><strong>qui</strong></span> <span class='ocrx_word' id='word_1_105' title='bbox 1029 1720 1182 1789; x_wconf 90' lang='lat' dir='ltr'><strong>dominus</strong></span> <span class='ocrx_word' id='word_1_106' title='bbox 1195 1732 1279 1805; x_wconf 85' lang='lat' dir='ltr'><strong>erat,</strong></span> 
     </span>
     <span class='ocr_line' id='line_1_14' title="bbox 223 1824 1278 1922; baseline -0.002 -26"><span class='ocrx_word' id='word_1_107' title='bbox 223 1841 257 1896; x_wconf 86' lang='lat' dir='ltr'><strong>et</strong></span> <span class='ocrx_word' id='word_1_108' title='bbox 274 1829 400 1896; x_wconf 87' lang='lat' dir='ltr'><strong>cunctis</strong></span> <span class='ocrx_word' id='word_1_109' title='bbox 423 1827 574 1922; x_wconf 81' lang='lat' dir='ltr'><strong>gentibus</strong></span> <span class='ocrx_word' id='word_1_110' title='bbox 587 1827 813 1922; x_wconf 85' lang='lat' dir='ltr'><strong>imperitabat,</strong></span> <span class='ocrx_word' id='word_1_111' title='bbox 826 1824 970 1922; x_wconf 88' lang='lat' dir='ltr'><strong>dilapsus</strong></span> <span class='ocrx_word' id='word_1_112' title='bbox 982 1841 1032 1896; x_wconf 89' lang='lat' dir='ltr'><strong>est</strong></span> <span class='ocrx_word' id='word_1_113' title='bbox 1047 1851 1054 1894; x_wconf 80' lang='grc' dir='ltr'><strong>ι</strong></span> <span class='ocrx_word' id='word_1_114' title='bbox 1070 1841 1103 1894; x_wconf 89' lang='lat' dir='ltr'><strong>et</strong></span> <span class='ocrx_word' id='word_1_115' title='bbox 1117 1851 1178 1921; x_wconf 93' lang='lat' dir='ltr'><strong>pro</strong></span> <span class='ocrx_word' id='word_1_116' title='bbox 1190 1850 1278 1895; x_wconf 88' lang='lat' dir='ltr'><strong>conr·</strong></span> 
     </span>
    </p>
   </div>
   <div class='ocr_carea' id='block_1_3' title="bbox 225 2026 1295 4175">
    <p class='ocr_par' dir='ltr' id='par_1_4' title="bbox 225 2026 1295 4175">
     <span class='ocr_line' id='line_1_15' title="bbox 225 2026 1282 2120; baseline -0.003 -37"><span class='ocrx_word' id='word_1_117' title='bbox 225 2029 274 2083; x_wconf 88' lang='lat' dir='ltr'><strong>bus</strong></span> <span class='ocrx_word' id='word_1_118' title='bbox 286 2028 458 2093; x_wconf 72' lang='lat' dir='ltr'><strong>bubonibus,</strong></span> <span class='ocrx_word' id='word_1_119' title='bbox 473 2027 579 2120; x_wconf 66' lang='lat' dir='ltr'><strong>setlpro</strong></span> <span class='ocrx_word' id='word_1_120' title='bbox 590 2028 682 2082; x_wconf 83' lang='lat' dir='ltr'><strong>hilaria</strong></span> <span class='ocrx_word' id='word_1_121' title='bbox 695 2026 734 2079; x_wconf 90' lang='lat' dir='ltr'><strong>di·</strong></span> <span class='ocrx_word' id='word_1_122' title='bbox 777 2039 933 2098; x_wconf 88' lang='lat' dir='ltr'><strong>utrumque,</strong></span> <span class='ocrx_word' id='word_1_123' title='bbox 943 2028 1112 2080; x_wconf 79' lang='lat' dir='ltr'><strong>sinonvere·</strong></span> <span class='ocrx_word' id='word_1_124' title='bbox 1105 2039 1282 2120; x_wconf 79' lang='lat' dir='ltr'><strong>,quamtapts</strong></span> 
     </span>
     <span class='ocr_line' id='line_1_16' title="bbox 225 2106 1282 2178; baseline -0.002 -16"><span class='ocrx_word' id='word_1_125' title='bbox 225 2109 333 2164; x_wconf 81' lang='lat' dir='ltr'><strong>visione.</strong></span> <span class='ocrx_word' id='word_1_126' title='bbox 355 2109 481 2174; x_wconf 79' lang='lat' dir='ltr'><strong>Quamvis</strong></span> <span class='ocrx_word' id='word_1_127' title='bbox 505 2110 575 2163; x_wconf 84' lang='lat' dir='ltr'><strong>enim</strong></span> <span class='ocrx_word' id='word_1_128' title='bbox 600 2106 634 2160; x_wconf 79' lang='lat' dir='ltr'><strong>tle</strong></span> <span class='ocrx_word' id='word_1_129' title='bbox 649 2109 733 2160; x_wconf 84' lang='lat' dir='ltr'><strong>tribus</strong></span> <span class='ocrx_word' id='word_1_130' title='bbox 776 2107 856 2159; x_wconf 82' lang='lat' dir='ltr'><strong>luerit</strong></span> <span class='ocrx_word' id='word_1_131' title='bbox 875 2108 965 2178; x_wconf 78' lang='lat' dir='ltr'><strong>priscis</strong></span> <span class='ocrx_word' id='word_1_132' title='bbox 983 2108 1106 2161; x_wconf 84' lang='lat' dir='ltr'><strong>Romanis</strong></span> <span class='ocrx_word' id='word_1_133' title='bbox 1127 2109 1165 2160; x_wconf 88' lang='lat' dir='ltr'><strong>rei</strong></span> <span class='ocrx_word' id='word_1_134' title='bbox 1180 2108 1282 2160; x_wconf 77' lang='lat' dir='ltr'><strong>rusticae</strong></span> 
     </span>
     <span class='ocr_line' id='line_1_17' title="bbox 226 2176 847 2260; baseline -0.003 -19"><span class='ocrx_word' id='word_1_135' title='bbox 226 2187 363 2241; x_wconf 79' lang='lat' dir='ltr'><strong>ordinibus</strong></span> <span class='ocrx_word' id='word_1_136' title='bbox 373 2207 441 2260; x_wconf 78' lang='lat' dir='ltr'><strong>saepe</strong></span> <span class='ocrx_word' id='word_1_137' title='bbox 449 2176 520 2260; x_wconf 80' lang='lat' dir='ltr'><strong>apuil</strong></span> <span class='ocrx_word' id='word_1_138' title='bbox 529 2200 647 2241; x_wconf 78' lang='lat' dir='ltr'><strong>auctores</strong></span> <span class='ocrx_word' id='word_1_139' title='bbox 658 2205 733 2238; x_wconf 88' lang='lat' dir='ltr'><strong>men·</strong></span> <span class='ocrx_word' id='word_1_140' title='bbox 777 2205 847 2239; x_wconf 91' lang='lat' dir='ltr'><strong>cura.</strong></span> 
     </span>
     <span class='ocr_line' id='line_1_18' title="bbox 227 2263 1282 2336; baseline -0.004 -15"><span class='ocrx_word' id='word_1_141' title='bbox 227 2269 320 2333; x_wconf 90' lang='lat' dir='ltr'><strong>tiosit‚</strong></span> <span class='ocrx_word' id='word_1_142' title='bbox 334 2267 455 2321; x_wconf 88' lang='lat' dir='ltr'><strong>nondum</strong></span> <span class='ocrx_word' id='word_1_143' title='bbox 470 2279 634 2332; x_wconf 85' lang='lat' dir='ltr'><strong>tamenerat,</strong></span> <span class='ocrx_word' id='word_1_144' title='bbox 645 2267 735 2319; x_wconf 87' lang='lat' dir='ltr'><strong>stricto</strong></span> <span class='ocrx_word' id='word_1_145' title='bbox 819 2266 844 2318; x_wconf 85' lang='lat'><strong>3.</strong></span> <span class='ocrx_word' id='word_1_146' title='bbox 870 2265 992 2335; x_wconf 74' lang='lat' dir='ltr'><strong>Expulsos</strong></span> <span class='ocrx_word' id='word_1_147' title='bbox 1013 2270 1087 2336; x_wconf 76' lang='lat' dir='ltr'><strong>agris.</strong></span> <span class='ocrx_word' id='word_1_148' title='bbox 1107 2263 1176 2319; x_wconf 80' lang='lat' dir='ltr'><strong>Vide</strong></span> <span class='ocrx_word' id='word_1_149' title='bbox 1190 2263 1282 2320; x_wconf 81' lang='lat' dir='ltr'><strong>eadem</strong></span> 
     </span>
     <span class='ocr_line' id='line_1_19' title="bbox 228 2345 1282 2416; baseline -0.004 -15"><span class='ocrx_word' id='word_1_150' title='bbox 228 2367 318 2414; x_wconf 88' lang='lat' dir='ltr'><strong>sensu,</strong></span> <span class='ocrx_word' id='word_1_151' title='bbox 778 2345 847 2409; x_wconf 81' lang='lat' dir='ltr'><strong>lere,</strong></span> <span class='ocrx_word' id='word_1_152' title='bbox 861 2345 922 2416; x_wconf 77' lang='lat' dir='ltr'><strong>lug.</strong></span> <span class='ocrx_word' id='word_1_153' title='bbox 937 2347 1013 2409; x_wconf 83' lang='lat' dir='ltr'><strong>XLI,</strong></span> <span class='ocrx_word' id='word_1_154' title='bbox 1026 2365 1053 2398; x_wconf 92' lang='lat' dir='ltr'><strong>n.</strong></span> <span class='ocrx_word' id='word_1_155' title='bbox 1072 2364 1115 2398; x_wconf 89' lang='grc' dir='ltr'><strong>ιο.</strong></span> <span class='ocrx_word' id='word_1_156' title='bbox 1129 2375 1169 2389; x_wconf 89' lang='lat'><strong>-·</strong></span> <span class='ocrx_word' id='word_1_157' title='bbox 1181 2346 1282 2399; x_wconf 80' lang='lat' dir='ltr'><strong>Imrtie.</strong></span> 
     </span>
     <span class='ocr_line' id='line_1_20' title="bbox 229 2424 1282 2486; baseline -0.004 -6"><span class='ocrx_word' id='word_1_158' title='bbox 229 2425 302 2466; x_wconf 66' lang='lat' dir='ltr'><strong>Meet·</strong></span> <span class='ocrx_word' id='word_1_159' title='bbox 312 2426 457 2480; x_wconf 51' lang='lat' dir='ltr'><strong>non-erpa„</strong></span> <span class='ocrx_word' id='word_1_160' title='bbox 468 2427 566 2480; x_wconf 55' lang='lat' dir='ltr'><strong>quintu,</strong></span> <span class='ocrx_word' id='word_1_161' title='bbox 576 2425 645 2479; x_wconf 64' lang='lat' dir='ltr'><strong>ptris,</strong></span> <span class='ocrx_word' id='word_1_162' title='bbox 655 2433 735 2469; x_wconf 61' lang='lat' dir='ltr'><strong>unta,</strong></span> <span class='ocrx_word' id='word_1_163' title='bbox 780 2424 825 2480; x_wconf 88' lang='lat' dir='ltr'><strong>Nil</strong></span> <span class='ocrx_word' id='word_1_164' title='bbox 842 2425 939 2478; x_wconf 88' lang='lat' dir='ltr'><strong>mirum</strong></span> <span class='ocrx_word' id='word_1_165' title='bbox 955 2427 976 2478; x_wconf 86' lang='lat' dir='ltr'><strong>si</strong></span> <span class='ocrx_word' id='word_1_166' title='bbox 991 2425 1085 2478; x_wconf 88' lang='lat' dir='ltr'><strong>inertia</strong></span> <span class='ocrx_word' id='word_1_167' title='bbox 1100 2443 1161 2478; x_wconf 87' lang='lat' dir='ltr'><strong>eum</strong></span> <span class='ocrx_word' id='word_1_168' title='bbox 1174 2426 1282 2486; x_wconf 84' lang='lat' dir='ltr'><strong>subeat,</strong></span> 
     </span>
     <span class='ocr_line' id='line_1_21' title="bbox 229 2498 1283 2576; baseline -0.003 -18"><span class='ocrx_word' id='word_1_169' title='bbox 229 2503 290 2571; x_wconf 86' lang='lat' dir='ltr'><strong>sed,</strong></span> <span class='ocrx_word' id='word_1_170' title='bbox 309 2507 372 2558; x_wconf 90' lang='lat' dir='ltr'><strong>licet</strong></span> <span class='ocrx_word' id='word_1_171' title='bbox 391 2503 516 2576; x_wconf 77' lang='lat' dir='ltr'><strong>dignitate</strong></span> <span class='ocrx_word' id='word_1_172' title='bbox 535 2498 614 2558; x_wconf 82' lang='lat' dir='ltr'><strong>medii</strong></span> <span class='ocrx_word' id='word_1_173' title='bbox 631 2505 736 2576; x_wconf 85' lang='lat' dir='ltr'><strong>plebem</strong></span> <span class='ocrx_word' id='word_1_174' title='bbox 779 2505 822 2556; x_wconf 86' lang='lat' dir='ltr'><strong>oui</strong></span> <span class='ocrx_word' id='word_1_175' title='bbox 840 2523 888 2557; x_wconf 88' lang='lat' dir='ltr'><strong>nec</strong></span> <span class='ocrx_word' id='word_1_176' title='bbox 901 2523 955 2568; x_wconf 87' lang='lat' dir='ltr'><strong>res,</strong></span> <span class='ocrx_word' id='word_1_177' title='bbox 975 2523 1023 2558; x_wconf 88' lang='lat' dir='ltr'><strong>nec</strong></span> <span class='ocrx_word' id='word_1_178' title='bbox 1039 2523 1097 2576; x_wconf 87' lang='lat' dir='ltr'><strong>spes</strong></span> <span class='ocrx_word' id='word_1_179' title='bbox 1112 2503 1166 2558; x_wconf 85' lang='lat' dir='ltr'><strong>ulla</strong></span> <span class='ocrx_word' id='word_1_180' title='bbox 1179 2517 1226 2558; x_wconf 86' lang='lat' dir='ltr'><strong>est.</strong></span> <span class='ocrx_word' id='word_1_181' title='bbox 1242 2503 1283 2555; x_wconf 86' lang='lat' dir='ltr'><strong>Ex</strong></span> 
     </span>
     <span class='ocr_line' id='line_1_22' title="bbox 228 2583 1283 2655; baseline -0.003 -17"><span class='ocrx_word' id='word_1_182' title='bbox 228 2587 297 2639; x_wconf 87' lang='lat' dir='ltr'><strong>inter</strong></span> <span class='ocrx_word' id='word_1_183' title='bbox 314 2597 341 2638; x_wconf 88' lang='lat' dir='ltr'><strong>et</strong></span> <span class='ocrx_word' id='word_1_184' title='bbox 352 2598 472 2638; x_wconf 90' lang='lat' dir='ltr'><strong>senatum</strong></span> <span class='ocrx_word' id='word_1_185' title='bbox 483 2585 595 2655; x_wconf 78' lang='lat' dir='ltr'><strong>equites,</strong></span> <span class='ocrx_word' id='word_1_186' title='bbox 608 2603 637 2636; x_wconf 91' lang='lat' dir='ltr'><strong>re</strong></span> <span class='ocrx_word' id='word_1_187' title='bbox 650 2596 736 2638; x_wconf 84' lang='lat' dir='ltr'><strong>tamen</strong></span> <span class='ocrx_word' id='word_1_188' title='bbox 778 2583 873 2636; x_wconf 88' lang='lat' dir='ltr'><strong>inertia</strong></span> <span class='ocrx_word' id='word_1_189' title='bbox 894 2596 981 2636; x_wconf 90' lang='lat' dir='ltr'><strong>autem</strong></span> <span class='ocrx_word' id='word_1_190' title='bbox 998 2584 1087 2655; x_wconf 90' lang='lat' dir='ltr'><strong>inopia</strong></span> <span class='ocrx_word' id='word_1_191' title='bbox 1104 2585 1226 2638; x_wconf 81' lang='lat' dir='ltr'><strong>nascitur.</strong></span> <span class='ocrx_word' id='word_1_192' title='bbox 1244 2612 1283 2625; x_wconf 87' lang='lat'>-</span> 
     </span>
     <span class='ocr_line' id='line_1_23' title="bbox 229 2661 1285 2736; baseline -0.003 -19"><span class='ocrx_word' id='word_1_193' title='bbox 229 2683 261 2718; x_wconf 83' lang='lat' dir='ltr'><strong>ex</strong></span> <span class='ocrx_word' id='word_1_194' title='bbox 275 2665 353 2736; x_wconf 81' lang='lat' dir='ltr'><strong>plebe</strong></span> <span class='ocrx_word' id='word_1_195' title='bbox 370 2677 461 2728; x_wconf 87' lang='lat' dir='ltr'><strong>erant;</strong></span> <span class='ocrx_word' id='word_1_196' title='bbox 483 2675 671 2734; x_wconf 65' lang='lat' dir='ltr'><strong>ceperuntque</strong></span> <span class='ocrx_word' id='word_1_197' title='bbox 689 2661 737 2715; x_wconf 90' lang='lat' dir='ltr'><strong>de·</strong></span> <span class='ocrx_word' id='word_1_198' title='bbox 779 2664 886 2715; x_wconf 81' lang='lat' dir='ltr'><strong>lacertas</strong></span> <span class='ocrx_word' id='word_1_199' title='bbox 898 2664 987 2716; x_wconf 83' lang='lat' dir='ltr'><strong>domos.</strong></span> <span class='ocrx_word' id='word_1_200' title='bbox 1002 2665 1109 2736; x_wconf 86' lang='lat' dir='ltr'><strong>Quippe</strong></span> <span class='ocrx_word' id='word_1_201' title='bbox 1119 2664 1166 2734; x_wconf 90' lang='lat' dir='ltr'><strong>qui</strong></span> <span class='ocrx_word' id='word_1_202' title='bbox 1180 2663 1285 2716; x_wconf 84' lang='lat' dir='ltr'><strong>nullum</strong></span> 
     </span>
     <span class='ocr_line' id='line_1_24' title="bbox 229 2743 1285 2808; baseline 0.002 -13"><span class='ocrx_word' id='word_1_203' title='bbox 229 2761 325 2808; x_wconf 88' lang='lat' dir='ltr'><strong>mum,</strong></span> <span class='ocrx_word' id='word_1_204' title='bbox 351 2761 383 2796; x_wconf 88' lang='lat' dir='ltr'><strong>ex</strong></span> <span class='ocrx_word' id='word_1_205' title='bbox 416 2745 553 2796; x_wconf 84' lang='lat' dir='ltr'><strong>consulatu</strong></span> <span class='ocrx_word' id='word_1_206' title='bbox 586 2743 737 2807; x_wconf 78' lang='lat' dir='ltr'><strong>Ciceronis,</strong></span> <span class='ocrx_word' id='word_1_207' title='bbox 779 2743 860 2796; x_wconf 85' lang='lat' dir='ltr'><strong>larem</strong></span> <span class='ocrx_word' id='word_1_208' title='bbox 874 2743 1026 2796; x_wconf 83' lang='lat' dir='ltr'><strong>familiarem</strong></span> <span class='ocrx_word' id='word_1_209' title='bbox 1037 2744 1173 2796; x_wconf 89' lang='lat' dir='ltr'><strong>baberent.</strong></span> <span class='ocrx_word' id='word_1_210' title='bbox 1187 2775 1229 2786; x_wconf 90' lang='grc'><strong>--</strong></span> <span class='ocrx_word' id='word_1_211' title='bbox 1242 2743 1285 2796; x_wconf 78' lang='lat' dir='ltr'><strong>Li·</strong></span> 
     </span>
     <span class='ocr_line' id='line_1_25' title="bbox 230 2820 1284 2876; baseline 0.001 -2"><span class='ocrx_word' id='word_1_212' title='bbox 230 2823 323 2876; x_wconf 87' lang='lat' dir='ltr'><strong>tertius</strong></span> <span class='ocrx_word' id='word_1_213' title='bbox 352 2820 419 2874; x_wconf 88' lang='lat' dir='ltr'><strong>ordo</strong></span> <span class='ocrx_word' id='word_1_214' title='bbox 451 2823 478 2874; x_wconf 94' lang='lat' dir='ltr'><strong>in</strong></span> <span class='ocrx_word' id='word_1_215' title='bbox 504 2824 607 2876; x_wconf 74' lang='lat' dir='ltr'><strong>civitate</strong></span> <span class='ocrx_word' id='word_1_216' title='bbox 636 2823 736 2874; x_wconf 90' lang='lat' dir='ltr'><strong>haberi.</strong></span> <span class='ocrx_word' id='word_1_217' title='bbox 780 2822 1155 2876; x_wconf 74' lang='lat' dir='ltr'><strong>bertatm....veualemlsubsrs.</strong></span> <span class='ocrx_word' id='word_1_218' title='bbox 1169 2823 1284 2876; x_wconf 77' lang='lat' dir='ltr'><strong>Avaritia</strong></span> 
     </span>
     <span class='ocr_line' id='line_1_26' title="bbox 232 2899 1285 2974; baseline 0.001 -20"><span class='ocrx_word' id='word_1_219' title='bbox 232 2899 301 2954; x_wconf 86' lang='lat' dir='ltr'><strong>Vide</strong></span> <span class='ocrx_word' id='word_1_220' title='bbox 326 2902 451 2972; x_wconf 79' lang='lat' dir='ltr'><strong>lngnrth.</strong></span> <span class='ocrx_word' id='word_1_221' title='bbox 478 2901 554 2952; x_wconf 81' lang='lat' dir='ltr'>XLII</span> <span class='ocrx_word' id='word_1_222' title='bbox 568 2920 631 2965; x_wconf 89' lang='grc' dir='ltr'><strong>,·ιι.</strong></span> <span class='ocrx_word' id='word_1_223' title='bbox 650 2902 687 2966; x_wconf 73' lang='lat'><strong>35</strong></span> <span class='ocrx_word' id='word_1_224' title='bbox 711 2913 738 2954; x_wconf 86' lang='lat' dir='ltr'><strong>et</strong></span> <span class='ocrx_word' id='word_1_225' title='bbox 780 2901 860 2972; x_wconf 80' lang='lat' dir='ltr'><strong>igitur</strong></span> <span class='ocrx_word' id='word_1_226' title='bbox 871 2915 897 2955; x_wconf 88' lang='lat' dir='ltr'><strong>et</strong></span> <span class='ocrx_word' id='word_1_227' title='bbox 909 2903 971 2954; x_wconf 85' lang='lat' dir='ltr'><strong>mali</strong></span> <span class='ocrx_word' id='word_1_228' title='bbox 985 2921 1073 2956; x_wconf 85' lang='lat' dir='ltr'><strong>mores</strong></span> <span class='ocrx_word' id='word_1_229' title='bbox 1086 2904 1192 2974; x_wconf 83' lang='lat' dir='ltr'><strong>plebem</strong></span> <span class='ocrx_word' id='word_1_230' title='bbox 1203 2903 1285 2956; x_wconf 86' lang='lat' dir='ltr'><strong>inces-</strong></span> 
     </span>
     <span class='ocr_line' id='line_1_27' title="bbox 231 2980 1286 3055; baseline 0.001 -23"><span class='ocrx_word' id='word_1_231' title='bbox 231 2983 376 3054; x_wconf 75' lang='lat' dir='ltr'><strong>prnsertim</strong></span> <span class='ocrx_word' id='word_1_232' title='bbox 391 2981 517 3044; x_wconf 86' lang='lat' dir='ltr'><strong>Plinium,</strong></span> <span class='ocrx_word' id='word_1_233' title='bbox 533 2998 637 3045; x_wconf 83' lang='grc' dir='ltr'><strong>ιιιιιιι,</strong></span> <span class='ocrx_word' id='word_1_234' title='bbox 656 3000 681 3033; x_wconf 81' lang='grc' dir='ltr'><strong>ι.</strong></span> <span class='ocrx_word' id='word_1_235' title='bbox 697 3011 739 3022; x_wconf 91' lang='lat'><em>-</em></span> <span class='ocrx_word' id='word_1_236' title='bbox 779 2993 870 3034; x_wconf 78' lang='lat' dir='ltr'><strong>sanant</strong></span> <span class='ocrx_word' id='word_1_237' title='bbox 884 2983 1013 3034; x_wconf 88' lang='lat' dir='ltr'><strong>nobilium</strong></span> <span class='ocrx_word' id='word_1_238' title='bbox 1028 2983 1104 3055; x_wconf 83' lang='lat' dir='ltr'><strong>eulpa</strong></span> <span class='ocrx_word' id='word_1_239' title='bbox 1114 3022 1122 3046; x_wconf 85' lang='lat'><strong>,</strong></span> <span class='ocrx_word' id='word_1_240' title='bbox 1134 2982 1179 3054; x_wconf 86' lang='lat' dir='ltr'><strong>qui</strong></span> <span class='ocrx_word' id='word_1_241' title='bbox 1195 2981 1228 3034; x_wconf 86' lang='lat' dir='ltr'><strong>ad</strong></span> <span class='ocrx_word' id='word_1_242' title='bbox 1239 2980 1286 3034; x_wconf 85' lang='lat' dir='ltr'><strong>de·</strong></span> 
     </span>
     <span class='ocr_line' id='line_1_28' title="bbox 232 3057 1286 3132; baseline -0.001 -17"><span class='ocrx_word' id='word_1_243' title='bbox 232 3060 355 3115; x_wconf 78' lang='lat' dir='ltr'><strong>Arbitror.</strong></span> <span class='ocrx_word' id='word_1_244' title='bbox 365 3060 426 3112; x_wconf 90' lang='lat' dir='ltr'><strong>Non</strong></span> <span class='ocrx_word' id='word_1_245' title='bbox 434 3078 465 3112; x_wconf 87' lang='lat' dir='ltr'><strong>eo</strong></span> <span class='ocrx_word' id='word_1_246' title='bbox 472 3060 554 3112; x_wconf 81' lang='lat' dir='ltr'><strong>&#39;verbo</strong></span> <span class='ocrx_word' id='word_1_247' title='bbox 562 3061 658 3126; x_wconf 90' lang='lat' dir='ltr'><strong>utitur,</strong></span> <span class='ocrx_word' id='word_1_248' title='bbox 665 3057 738 3132; x_wconf 88' lang='lat' dir='ltr'><strong>quod</strong></span> <span class='ocrx_word' id='word_1_249' title='bbox 780 3061 954 3132; x_wconf 78' lang='lat' dir='ltr'><strong>sperationem</strong></span> <span class='ocrx_word' id='word_1_250' title='bbox 964 3061 1042 3114; x_wconf 84' lang='lat' dir='ltr'><strong>simul</strong></span> <span class='ocrx_word' id='word_1_251' title='bbox 1050 3061 1118 3116; x_wconf 82' lang='lat' dir='ltr'><strong>etad</strong></span> <span class='ocrx_word' id='word_1_252' title='bbox 1128 3061 1191 3115; x_wconf 85' lang='lat' dir='ltr'><strong>vitia</strong></span> <span class='ocrx_word' id='word_1_253' title='bbox 1199 3061 1286 3114; x_wconf 87' lang='lat' dir='ltr'><strong>homi·</strong></span> 
     </span>
     <span class='ocr_line' id='line_1_29' title="bbox 233 3137 1284 3212; baseline -0.001 -18"><span class='ocrx_word' id='word_1_254' title='bbox 233 3139 344 3194; x_wconf 87' lang='lat' dir='ltr'><strong>dubitet.</strong></span> <span class='ocrx_word' id='word_1_255' title='bbox 356 3141 415 3192; x_wconf 81' lang='lat' dir='ltr'><strong>lino</strong></span> <span class='ocrx_word' id='word_1_256' title='bbox 429 3138 525 3192; x_wconf 84' lang='lat' dir='ltr'><strong>modus</strong></span> <span class='ocrx_word' id='word_1_257' title='bbox 537 3151 576 3194; x_wconf 88' lang='lat' dir='ltr'><strong>est</strong></span> <span class='ocrx_word' id='word_1_258' title='bbox 591 3137 739 3194; x_wconf 82' lang='lat' dir='ltr'><strong>affirmandi</strong></span> <span class='ocrx_word' id='word_1_259' title='bbox 780 3159 827 3194; x_wconf 86' lang='lat' dir='ltr'><strong>nes</strong></span> <span class='ocrx_word' id='word_1_260' title='bbox 847 3159 937 3194; x_wconf 85' lang='lat' dir='ltr'><strong>rerum</strong></span> <span class='ocrx_word' id='word_1_261' title='bbox 957 3142 1075 3194; x_wconf 85' lang='lat' dir='ltr'><strong>omniurn</strong></span> <span class='ocrx_word' id='word_1_262' title='bbox 1098 3159 1192 3212; x_wconf 83' lang='lat' dir='ltr'><strong>egenos</strong></span> <span class='ocrx_word' id='word_1_263' title='bbox 1213 3157 1284 3194; x_wconf 86' lang='lat' dir='ltr'><strong>eorn-</strong></span> 
     </span>
     <span class='ocr_line' id='line_1_30' title="bbox 232 3218 1285 3292; baseline -0.002 -18"><span class='ocrx_word' id='word_1_264' title='bbox 232 3239 290 3274; x_wconf 89' lang='lat' dir='ltr'><strong>rem</strong></span> <span class='ocrx_word' id='word_1_265' title='bbox 305 3239 360 3272; x_wconf 92' lang='lat' dir='ltr'><strong>non</strong></span> <span class='ocrx_word' id='word_1_266' title='bbox 375 3218 497 3284; x_wconf 87' lang='lat' dir='ltr'><strong>dubiam,</strong></span> <span class='ocrx_word' id='word_1_267' title='bbox 514 3233 545 3274; x_wconf 86' lang='lat' dir='ltr'><strong>ut</strong></span> <span class='ocrx_word' id='word_1_268' title='bbox 560 3237 628 3292; x_wconf 71' lang='lat' dir='ltr'><strong>sepe</strong></span> <span class='ocrx_word' id='word_1_269' title='bbox 645 3222 740 3273; x_wconf 85' lang='lat' dir='ltr'><strong>Demo·</strong></span> <span class='ocrx_word' id='word_1_270' title='bbox 780 3221 893 3292; x_wconf 82' lang='lat' dir='ltr'><strong>palere:</strong></span> <span class='ocrx_word' id='word_1_271' title='bbox 915 3239 976 3273; x_wconf 82' lang='grc' dir='ltr'><strong>ιιιοι</strong></span> <span class='ocrx_word' id='word_1_272' title='bbox 994 3223 1066 3274; x_wconf 87' lang='lat' dir='ltr'><strong>enirn</strong></span> <span class='ocrx_word' id='word_1_273' title='bbox 1083 3237 1197 3274; x_wconf 80' lang='lat' dir='ltr'><strong>summas</strong></span> <span class='ocrx_word' id='word_1_274' title='bbox 1217 3222 1285 3274; x_wconf 89' lang='lat' dir='ltr'><strong>inter</strong></span> 
     </span>
     <span class='ocr_line' id='line_1_31' title="bbox 233 3300 1285 3373; baseline -0.003 -19"><span class='ocrx_word' id='word_1_275' title='bbox 233 3301 339 3354; x_wconf 87' lang='lat' dir='ltr'><strong>sthenes</strong></span> <span class='ocrx_word' id='word_1_276' title='bbox 347 3301 440 3365; x_wconf 79' lang='grc' dir='ltr'><strong>ἀκούω,</strong></span> <span class='ocrx_word' id='word_1_277' title='bbox 453 3301 540 3363; x_wconf 78' lang='lat' dir='ltr'><strong>audio,</strong></span> <span class='ocrx_word' id='word_1_278' title='bbox 554 3307 599 3354; x_wconf 80' lang='grc' dir='ltr'><strong>ποῦ</strong></span> <span class='ocrx_word' id='word_1_279' title='bbox 608 3339 616 3366; x_wconf 91' lang='grc'>,</span> <span class='ocrx_word' id='word_1_280' title='bbox 624 3303 737 3368; x_wconf 83' lang='lat' dir='ltr'><strong>sortasse,</strong></span> <span class='ocrx_word' id='word_1_281' title='bbox 781 3301 897 3354; x_wconf 81' lang='lat' dir='ltr'><strong>miserias</strong></span> <span class='ocrx_word' id='word_1_282' title='bbox 907 3300 1018 3371; x_wconf 68' lang='lat' dir='ltr'><strong>dignitas</strong></span> <span class='ocrx_word' id='word_1_283' title='bbox 1028 3301 1141 3355; x_wconf 81' lang='lat' dir='ltr'><strong>bumana</strong></span> <span class='ocrx_word' id='word_1_284' title='bbox 1156 3321 1184 3354; x_wconf 88' lang='lat' dir='ltr'><strong>se</strong></span> <span class='ocrx_word' id='word_1_285' title='bbox 1203 3301 1285 3373; x_wconf 67' lang='lat' dir='ltr'><strong>ipoero</strong></span> 
     </span>
     <span class='ocr_line' id='line_1_32' title="bbox 233 3379 1287 3452; baseline -0.003 -17"><span class='ocrx_word' id='word_1_286' title='bbox 233 3379 299 3435; x_wconf 85' lang='lat' dir='ltr'><strong>dicit</strong></span> <span class='ocrx_word' id='word_1_287' title='bbox 312 3379 346 3433; x_wconf 90' lang='lat' dir='ltr'><strong>de</strong></span> <span class='ocrx_word' id='word_1_288' title='bbox 360 3399 389 3432; x_wconf 92' lang='lat' dir='ltr'><strong>re</strong></span> <span class='ocrx_word' id='word_1_289' title='bbox 401 3381 550 3434; x_wconf 85' lang='lat' dir='ltr'><strong>certissima.</strong></span> <span class='ocrx_word' id='word_1_290' title='bbox 782 3381 952 3434; x_wconf 83' lang='lat' dir='ltr'><strong>obliviscitur.</strong></span> <span class='ocrx_word' id='word_1_291' title='bbox 962 3379 1287 3452; x_wconf 81' lang='lat' dir='ltr'><strong>Maximumpmleetodo·</strong></span> 
     </span>
     <span class='ocr_line' id='line_1_33' title="bbox 276 3459 1286 3532; baseline -0.002 -18"><span class='ocrx_word' id='word_1_292' title='bbox 276 3480 301 3514; x_wconf 80' lang='lat' dir='ltr'><strong>a.</strong></span> <span class='ocrx_word' id='word_1_293' title='bbox 318 3461 363 3512; x_wconf 79' lang='lat' dir='ltr'><strong>Vis</strong></span> <span class='ocrx_word' id='word_1_294' title='bbox 376 3461 449 3512; x_wconf 80' lang='lat' dir='ltr'><strong>multo</strong></span> <span class='ocrx_word' id='word_1_295' title='bbox 461 3479 579 3512; x_wconf 73' lang='lat' dir='ltr'><strong>mama.</strong></span> <span class='ocrx_word' id='word_1_296' title='bbox 596 3461 740 3532; x_wconf 84' lang='lat' dir='ltr'><strong>Imperium</strong></span> <span class='ocrx_word' id='word_1_297' title='bbox 782 3460 934 3514; x_wconf 85' lang='lat' dir='ltr'><strong>minationis</strong></span> <span class='ocrx_word' id='word_1_298' title='bbox 962 3459 1165 3529; x_wconf 81' lang='lat' dir='ltr'><strong>adjumentum,</strong></span> <span class='ocrx_word' id='word_1_299' title='bbox 1194 3459 1286 3532; x_wconf 90' lang='lat' dir='ltr'><strong>populi</strong></span> 
     </span>
     <span class='ocr_line' id='line_1_34' title="bbox 234 3539 1286 3611; baseline -0.001 -18"><span class='ocrx_word' id='word_1_300' title='bbox 234 3541 490 3611; x_wconf 79' lang='lat' dir='ltr'><strong>babebantpatricii,</strong></span> <span class='ocrx_word' id='word_1_301' title='bbox 504 3541 578 3610; x_wconf 86' lang='lat' dir='ltr'><strong>plebs</strong></span> <span class='ocrx_word' id='word_1_302' title='bbox 586 3539 663 3593; x_wconf 84' lang='lat' dir='ltr'><strong>vires.</strong></span> <span class='ocrx_word' id='word_1_303' title='bbox 675 3541 741 3604; x_wconf 80' lang='lat' dir='ltr'><strong>Quas</strong></span> <span class='ocrx_word' id='word_1_304' title='bbox 783 3552 888 3610; x_wconf 73' lang='lat' dir='ltr'><strong>egestas.</strong></span> <span class='ocrx_word' id='word_1_305' title='bbox 901 3571 940 3582; x_wconf 91' lang='lat'><em>-</em></span> <span class='ocrx_word' id='word_1_306' title='bbox 956 3541 1223 3611; x_wconf 72' lang='lat' dir='ltr'><strong>Populea....dilnpsus</strong></span> <span class='ocrx_word' id='word_1_307' title='bbox 1243 3551 1286 3592; x_wconf 82' lang='lat' dir='ltr'><strong>est.</strong></span> 
     </span>
     <span class='ocr_line' id='line_1_35' title="bbox 235 3618 1288 3691; baseline -0.003 -16"><span class='ocrx_word' id='word_1_308' title='bbox 235 3639 312 3675; x_wconf 81' lang='lat' dir='ltr'><strong>eausa</strong></span> <span class='ocrx_word' id='word_1_309' title='bbox 318 3619 651 3690; x_wconf 77' lang='lat' dir='ltr'><strong>initaeeessionum,quum</strong></span> <span class='ocrx_word' id='word_1_310' title='bbox 658 3620 741 3690; x_wconf 86' lang='lat' dir='ltr'><strong>plebs,</strong></span> <span class='ocrx_word' id='word_1_311' title='bbox 783 3618 914 3689; x_wconf 88' lang='lat' dir='ltr'><strong>Populus,</strong></span> <span class='ocrx_word' id='word_1_312' title='bbox 929 3620 976 3691; x_wconf 87' lang='lat' dir='ltr'><strong>qui</strong></span> <span class='ocrx_word' id='word_1_313' title='bbox 991 3633 1068 3674; x_wconf 86' lang='lat' dir='ltr'><strong>antea</strong></span> <span class='ocrx_word' id='word_1_314' title='bbox 1083 3639 1150 3674; x_wconf 86' lang='lat' dir='ltr'><strong>unus</strong></span> <span class='ocrx_word' id='word_1_315' title='bbox 1172 3633 1198 3672; x_wconf 94' lang='lat' dir='ltr'><strong>et</strong></span> <span class='ocrx_word' id='word_1_316' title='bbox 1214 3637 1288 3672; x_wconf 86' lang='lat' dir='ltr'><strong>eom·</strong></span> 
     </span>
     <span class='ocr_line' id='line_1_36' title="bbox 236 3697 1288 3770; baseline -0.001 -17"><span class='ocrx_word' id='word_1_317' title='bbox 236 3717 342 3753; x_wconf 84' lang='lat' dir='ltr'><strong>suarum</strong></span> <span class='ocrx_word' id='word_1_318' title='bbox 350 3699 446 3751; x_wconf 79' lang='lat' dir='ltr'><strong>virium</strong></span> <span class='ocrx_word' id='word_1_319' title='bbox 459 3699 576 3761; x_wconf 84' lang='lat' dir='ltr'><strong>conseia,</strong></span> <span class='ocrx_word' id='word_1_320' title='bbox 590 3717 664 3751; x_wconf 86' lang='lat' dir='ltr'><strong>suam</strong></span> <span class='ocrx_word' id='word_1_321' title='bbox 673 3717 740 3769; x_wconf 86' lang='lat' dir='ltr'><strong>quo·</strong></span> <span class='ocrx_word' id='word_1_322' title='bbox 783 3711 874 3770; x_wconf 83' lang='lat' dir='ltr'><strong>paetus</strong></span> <span class='ocrx_word' id='word_1_323' title='bbox 889 3711 961 3762; x_wconf 74' lang='lat' dir='ltr'><strong>erat,</strong></span> <span class='ocrx_word' id='word_1_324' title='bbox 985 3697 1092 3752; x_wconf 76' lang='lat' dir='ltr'><strong>dissolvi</strong></span> <span class='ocrx_word' id='word_1_325' title='bbox 1113 3700 1206 3770; x_wconf 82' lang='lat' dir='ltr'><strong>eoepit,</strong></span> <span class='ocrx_word' id='word_1_326' title='bbox 1233 3717 1288 3752; x_wconf 87' lang='lat' dir='ltr'><strong>non</strong></span> 
     </span>
     <span class='ocr_line' id='line_1_37' title="bbox 236 3776 1290 3851; baseline 0 -19"><span class='ocrx_word' id='word_1_327' title='bbox 236 3797 287 3850; x_wconf 87' lang='lat' dir='ltr'><strong>que</strong></span> <span class='ocrx_word' id='word_1_328' title='bbox 298 3777 404 3850; x_wconf 87' lang='lat' dir='ltr'><strong>imperii</strong></span> <span class='ocrx_word' id='word_1_329' title='bbox 412 3789 513 3850; x_wconf 76' lang='lat' dir='ltr'><strong>partem</strong></span> <span class='ocrx_word' id='word_1_330' title='bbox 525 3778 576 3830; x_wconf 87' lang='lat' dir='ltr'><strong>sibi</strong></span> <span class='ocrx_word' id='word_1_331' title='bbox 587 3776 740 3832; x_wconf 79' lang='lat' dir='ltr'><strong>vindiearet.</strong></span> <span class='ocrx_word' id='word_1_332' title='bbox 783 3795 856 3830; x_wconf 83' lang='lat' dir='ltr'><strong>secus</strong></span> <span class='ocrx_word' id='word_1_333' title='bbox 864 3798 894 3832; x_wconf 82' lang='lat' dir='ltr'><strong>sc</strong></span> <span class='ocrx_word' id='word_1_334' title='bbox 903 3779 1022 3832; x_wconf 81' lang='lat' dir='ltr'><strong>maehina</strong></span> <span class='ocrx_word' id='word_1_335' title='bbox 1032 3779 1119 3851; x_wconf 81' lang='lat' dir='ltr'><strong>aliqua</strong></span> <span class='ocrx_word' id='word_1_336' title='bbox 1129 3778 1290 3850; x_wconf 72' lang='lat' dir='ltr'><strong>disjungitur</strong></span> 
     </span>
     <span class='ocr_line' id='line_1_38' title="bbox 237 3855 1289 3930; baseline 0.002 -20"><span class='ocrx_word' id='word_1_337' title='bbox 237 3891 277 3901; x_wconf 91' lang='lat'><strong>—</strong></span> <span class='ocrx_word' id='word_1_338' title='bbox 293 3859 334 3910; x_wconf 87' lang='lat' dir='ltr'><strong>Eo</strong></span> <span class='ocrx_word' id='word_1_339' title='bbox 354 3857 426 3910; x_wconf 74' lang='lat' dir='ltr'><strong>libere</strong></span> <span class='ocrx_word' id='word_1_340' title='bbox 443 3857 560 3926; x_wconf 72' lang='lat' dir='ltr'><strong>agitabat.</strong></span> <span class='ocrx_word' id='word_1_341' title='bbox 581 3855 646 3909; x_wconf 83' lang='lat' dir='ltr'><strong>Ideo</strong></span> <span class='ocrx_word' id='word_1_342' title='bbox 659 3857 741 3911; x_wconf 89' lang='lat' dir='ltr'><strong>libera</strong></span> <span class='ocrx_word' id='word_1_343' title='bbox 783 3877 814 3910; x_wconf 86' lang='lat' dir='ltr'><strong>ao</strong></span> <span class='ocrx_word' id='word_1_344' title='bbox 828 3857 1045 3930; x_wconf 60' lang='lat' dir='ltr'><strong>dissipantem,</strong></span> <span class='ocrx_word' id='word_1_345' title='bbox 1060 3860 1207 3930; x_wconf 81' lang='lat' dir='ltr'><strong>propepulo</strong></span> <span class='ocrx_word' id='word_1_346' title='bbox 1220 3857 1289 3912; x_wconf 79' lang='lat' dir='ltr'><strong>indi·</strong></span> 
     </span>
     <span class='ocr_line' id='line_1_39' title="bbox 237 3937 1295 4010; baseline 0.003 -21"><span class='ocrx_word' id='word_1_347' title='bbox 237 3949 301 3990; x_wconf 89' lang='lat' dir='ltr'><strong>erat.</strong></span> <span class='ocrx_word' id='word_1_348' title='bbox 325 3968 365 3979; x_wconf 88' lang='lat'>-</span> <span class='ocrx_word' id='word_1_349' title='bbox 389 3939 420 3989; x_wconf 84' lang='lat' dir='ltr'><strong>In</strong></span> <span class='ocrx_word' id='word_1_350' title='bbox 435 3941 507 3990; x_wconf 79' lang='lat' dir='ltr'><strong>amis</strong></span> <span class='ocrx_word' id='word_1_351' title='bbox 521 3947 565 3988; x_wconf 79' lang='lat' dir='ltr'><strong>aut</strong></span> <span class='ocrx_word' id='word_1_352' title='bbox 578 3937 672 3990; x_wconf 82' lang='lat' dir='ltr'><strong>militia.</strong></span> <span class='ocrx_word' id='word_1_353' title='bbox 700 3937 741 3990; x_wconf 87' lang='lat' dir='ltr'><strong>Ne</strong></span> <span class='ocrx_word' id='word_1_354' title='bbox 783 3938 874 4004; x_wconf 78' lang='lat' dir='ltr'><strong>vulso,</strong></span> <span class='ocrx_word' id='word_1_355' title='bbox 887 3939 990 3990; x_wconf 75' lang='lat' dir='ltr'><strong>leminea</strong></span> <span class='ocrx_word' id='word_1_356' title='bbox 1000 3941 1109 4010; x_wconf 74' lang='lat' dir='ltr'><strong>separati</strong></span> <span class='ocrx_word' id='word_1_357' title='bbox 1124 3940 1295 3992; x_wconf 57' lang='lat' dir='ltr'><strong>luerell’unc·</strong></span> 
     </span>
     <span class='ocr_line' id='line_1_40' title="bbox 234 4011 1290 4090; baseline 0.001 -23"><span class='ocrx_word' id='word_1_358' title='bbox 234 4011 278 4068; x_wconf 86' lang='lat' dir='ltr'><strong>bis</strong></span> <span class='ocrx_word' id='word_1_359' title='bbox 293 4013 365 4068; x_wconf 88' lang='lat' dir='ltr'><strong>idem</strong></span> <span class='ocrx_word' id='word_1_360' title='bbox 379 4015 496 4083; x_wconf 80' lang='lat' dir='ltr'><strong>sileatur,</strong></span> <span class='ocrx_word' id='word_1_361' title='bbox 511 4018 602 4071; x_wconf 80' lang='lat' dir='ltr'><strong>Douza</strong></span> <span class='ocrx_word' id='word_1_362' title='bbox 616 4018 742 4087; x_wconf 88' lang='lat' dir='ltr'><strong>proponit</strong></span> <span class='ocrx_word' id='word_1_363' title='bbox 785 4019 872 4070; x_wconf 80' lang='lat' dir='ltr'><strong>evenit</strong></span> <span class='ocrx_word' id='word_1_364' title='bbox 893 4017 968 4090; x_wconf 86' lang='lat' dir='ltr'><strong>quod</strong></span> <span class='ocrx_word' id='word_1_365' title='bbox 988 4019 1044 4090; x_wconf 91' lang='lat' dir='ltr'><strong>ipse</strong></span> <span class='ocrx_word' id='word_1_366' title='bbox 1067 4019 1199 4090; x_wconf 83' lang='lat' dir='ltr'><strong>queritur,</strong></span> <span class='ocrx_word' id='word_1_367' title='bbox 1229 4019 1290 4088; x_wconf 70' lang='lat' dir='ltr'><strong>Jug.</strong></span> 
     </span>
     <span class='ocr_line' id='line_1_41' title="bbox 239 4095 1292 4175; baseline 0.005 -29"><span class='ocrx_word' id='word_1_368' title='bbox 239 4097 264 4146; x_wconf 82' lang='lat' dir='ltr'><strong>in</strong></span> <span class='ocrx_word' id='word_1_369' title='bbox 280 4095 589 4175; x_wconf 67' lang='lat' dir='ltr'><strong>arabil’opmainagrp&#39;s.</strong></span> <span class='ocrx_word' id='word_1_370' title='bbox 605 4097 742 4168; x_wconf 76' lang='lat' dir='ltr'><strong>Ingeniose</strong></span> <span class='ocrx_word' id='word_1_371' title='bbox 785 4097 863 4162; x_wconf 82' lang='lat' dir='ltr'><strong>XLI,</strong></span> <span class='ocrx_word' id='word_1_372' title='bbox 879 4115 906 4151; x_wconf 94' lang='lat' dir='ltr'><strong>n.</strong></span> <span class='ocrx_word' id='word_1_373' title='bbox 926 4117 967 4167; x_wconf 85' lang='lat'><strong>7:</strong></span> <span class='ocrx_word' id='word_1_374' title='bbox 993 4098 1152 4153; x_wconf 75' lang='lat' dir='ltr'><strong>«Nobilitas</strong></span> <span class='ocrx_word' id='word_1_375' title='bbox 1180 4097 1292 4152; x_wconf 67' lang='lat' dir='ltr'><strong>nouom</strong></span> 
     </span>
    </p>
   </div>
   <div class='ocr_carea' id='block_1_4' title="bbox 0 0 1502 4644">
    <p class='ocr_par' dir='ltr' id='par_1_5' title="bbox 0 0 1502 4644">
     <span class='ocr_line' id='line_1_42' title="bbox 0 0 1502 4644; baseline 0 0"><span class='ocrx_word' id='word_1_376' title='bbox 0 0 1502 4644; x_wconf 95' lang='lat' dir='ltr'><strong> </strong></span> 
     </span>
    </p>
   </div>
  </div>
 </body>
</html>
