2950 4648
243 335 320 430 498
588 331 944 402 nectinirro

242 462 432 564 patrimonii
452 465 636 558 acceperis,
650 463 730 557 quid
747 463 807 534 tibi
824 460 936 539 litibus
956 468 1154 554 accreverit,
1174 493 1242 562 qua
1260 463 1300 540 ier

241 573 382 672 pecunia
404 569 539 640 domurn
560 571 744 663 paraveris,
767 568 990 643 Tusculanum
1012 586 1047 641 et
1062 575 1300 668 Pompeianum

241 680 371 752 infinito
393 691 504 748 sumtu
528 674 761 748 aedr'ficaverist
784 691 858 766 aut,
881 677 908 746 si
932 679 1066 767 retices3
1087 681 1141 751 cui
1160 681 1298 753 dubium

240 799 451 882 potestesse,
468 784 548 878 quin
560 779 761 878 opulentiam
776 783 870 854 istam
885 806 925 854 ex
940 787 1099 879 sanguine
1114 801 1149 856 et
1160 790 1298 858 miseriis

240 894 363 966 civium
378 885 565 986 paraveris?

292 999 355 1068 ΙΙΙ.
378 999 522 1086 Verum,
545 1011 583 1066 ut
605 996 742 1091 opinor,
760 994 862 1064 homo
885 1019 991 1066 novus
1013 997 1175 1091 Arpinas,
1195 1023 1237 1068 ex
1255 1002 1295 1070 C.

239 1106 338 1174 Marii
359 1101 498 1191 familia,
519 1101 590 1196 ejus
610 1103 768 1172 virtutem
789 1102 958 1190 imitatur,
980 1106 1161 1174 contemnit
1182 1103 1294 1174 simid-

237 1224 341 1280 tatem
367 1209 541 1280 hominum
565 1206 747 1296 nobilium,
775 1206 1013 1302 rempublicam
1024 1283 1028 1292 ,
1039 1233 1150 1280 caram
1176 1211 1297 1299 habet,

238 1341 344 1412 neque
361 1330 506 1404 terrore,
523 1338 630 1408 neque
644 1315 749 1408 gratia
764 1329 993 1384 commovetur
1008 1341 1015 1382 :
1028 1313 1109 1386 illud
1122 1340 1202 1386 vero
1216 1319 1296 1386 arni·

237 1424 322 1496 citio
343 1436 488 1512 tantum,
506 1445 547 1492 ao
564 1421 696 1492 virtutis
717 1433 767 1490 est
787 1421 896 1490 animi.
910 1423 1019 1494 Immo
1041 1446 1121 1492 vero
1135 1421 1238 1492 homo
1251 1421 1296 1491 le·

237 1531 419 1616 vissumus,
440 1525 578 1622 supplex
596 1526 750 1616 inimicis,
772 1527 885 1596 amicis
906 1525 1182 1615 contumeliosus,
1198 1527 1299 1597 morlo

236 1635 374 1722 harum,
391 1631 491 1701 modo
510 1631 640 1702 illarum
657 1633 817 1726 partium,
832 1631 918 1700 fidus
939 1633 1086 1719 nemini,
1103 1631 1297 1704 levissumus

236 1754 386 1826 senator,
399 1739 622 1808 mercenarius
643 1752 822 1834 patronus,
840 1739 935 1831 cujus
950 1735 1040 1809 nulla
1058 1763 1134 1833 pars
1150 1741 1298 1834 eorporis

236 1843 478 1940 aturpitudine
500 1858 597 1914 vacat
619 1869 626 1911 :
645 1837 763 1940 ‘lingua
785 1867 889 1933 vana,
911 1867 1027 1920 manus
1051 1845 1298 1940 rapacissumae,

237 1949 314 2046 gula
326 1951 504 2036 immensu,
522 1949 623 2042 pedes
641 1949 791 2043 fingeces3
804 1973 878 2046 quor
895 1949 1034 2020 honeste
1048 1953 1211 2020 nominari
1231 1975 1299 2020 non

236 2069 391 2154 possunt,
403 2054 688 2144 inhonestissuma.
701 2055 809 2148 Atque
824 2057 867 2144 is,
883 2079 986 2148 quum
1002 2055 1162 2150 ejusmodi
1177 2060 1235 2146 sit,
1250 2070 1300 2125 ta-

238 2187 316 2232 men
331 2161 431 2230 audet
445 2159 554 2230 dicere
568 2186 576 2228 :
596 2159 856 2251 Osortunatam
868 2177 991 2232 notam
1007 2186 1061 2231 me
1075 2164 1212 2232 coruule
1227 2166 1299 2233 no-

239 2265 415 2338 mamlTe
438 2263 574 2336 consule
595 2265 815 2354 fortunatam,
835 2265 974 2337 Cicero?
991 2268 1093 2336 immo
1113 2292 1192 2337 vero
1214 2269 1300 2338 infe-

238 2371 354 2463 licem,
378 2386 412 2442 et
437 2373 607 2458 miseram,
634 2395 707 2465 que
733 2369 1002 2442 crudelissumem
1026 2373 1300 2468 proscriptionem

239 2481 360 2550 civium
374 2500 529 2573 perpessa
540 2490 607 2561 est3
621 2501 724 2570 quum
738 2491 790 2567 tu,
804 2478 995 2572 perturbata
1008 2477 1192 2574 republica,
1209 2494 1301 2548 metu

238 2584 409 2687 perculsos
430 2606 545 2652 omnes
565 2581 672 2651 bonos
696 2605 813 2676 parere
836 2583 1022 2658 crudelitati
1043 2599 1109 2654 tum
1136 2584 1299 2679 cogebas3

239 2716 343 2791 quum
361 2689 472 2760 omnia
487 2687 628 2782 judicia,
646 2711 762 2758 omnes
779 2687 868 2783 leges
889 2691 923 2761 in
941 2703 999 2760 tua
1023 2687 1168 2760 lubidine
1186 2705 1299 2777 erent,

239 2821 344 2895 quum
366 2809 421 2884 tu,
445 2790 573 2867 sublata
590 2791 663 2887 lege
681 2793 812 2882 Porcia,
834 2809 947 2889 erepta
969 2795 1133 2886 libertate,
1150 2797 1299 2869 omnium

240 2915 393 2972 nostrum
410 2899 486 2969 vitae
506 2898 661 2990 necisque
680 2913 877 2992 potestatem
892 2901 935 2970 ad
953 2915 985 2970 te
1003 2927 1107 2975 unum
1124 2925 1300 2978 revocare·

241 3030 305 3078 ras.
319 3007 428 3102 Atque
443 3027 562 3100 perum
580 3017 644 3092 est,
664 3004 754 3098 quod
773 3005 908 3100 impune
924 3007 1030 3077 fecisti
1046 3033 1053 3076 :
1068 3033 1185 3078 verum
1202 3009 1300 3078 etiam

242 3107 535 3188 commemorando
550 3109 865 3205 exprobratumque
883 3110 959 3182 licet
976 3111 1124 3187 oblivisci
1138 3115 1301 3184 servitutis

243 3243 319 3290 sun.
341 3219 471 3314 Egerio,
489 3241 549 3288 oro
570 3231 621 3307 te,
640 3217 777 3306 Cicero,
795 3217 987 3312 perfeceris,
1008 3219 1098 3314 quod
1116 3218 1211 3306 libet5
1226 3221 1301 3290 sans

243 3340 293 3394 est
310 3348 483 3420 perpessos
503 3349 593 3407 esse;
613 3325 755 3402 etiamne¹
777 3348 873 3405 aures
891 3340 1021 3396 nostras
1043 3326 1121 3399 odio
1135 3341 1199 3423 ¹tuo
1224 3350 1300 3396 onev

242 3429 332 3504 rabis
343 3428 359 3498 Ρ
372 3433 513 3500 etiamne
533 3428 780 3508 molestissumis
798 3431 910 3506 verbis
927 3431 1150 3505 insectabere?
1171 3428 1305 3501 Cedant

243 3559 344 3607 arma
355 3550 464 3630 togoe,
475 3534 644 3604 comedat
653 3537 774 3611 mirrea
784 3536 931 3629 lingum
945 3537 1130 3630 quasivero
1148 3547 1300 3628 togatus,

241 3657 276 3722 et
292 3667 361 3712 non
381 3655 546 3730 armatus,
566 3665 625 3727 ea,
645 3665 717 3734 quae
737 3639 908 3735 gloriaris,
926 3638 1124 3727 confeceris,
1145 3655 1246 3734 etque
1258 3642 1303 3708 iu·

241 3763 293 3817 ter
315 3764 371 3836 te,
400 3745 589 3839 Sullamque
616 3746 838 3836 dictatorem,
862 3761 983 3842 preter
1009 3771 1131 3820 nomeu
1152 3747 1301 3841 imperii,

239 3853 419 3952 quidqrmm
432 3850 628 3925 interfuerit.
640 3852 705 3922 sed
723 3853 803 3946 quid
814 3877 876 3948 ego
893 3852 987 3947 plura
997 3852 1039 3924 de
1055 3867 1111 3932 tua
1127 3852 1300 3933 insolentia

239 3955 516 4040 commemorem?
526 3982 624 4052 quem
635 3959 787 4030 Minerva
795 3984 910 4032 omnes
919 3975 1006 4038 artes
1012 3957 1160 4048 edocuit,
1172 3962 1299 4054 Jupiter
