2950 4646
535 415 828 487 Juounrur.
946 485 948 492 ,
1142 416 1212 517 157

145 517 278 623 licentia
295 503 416 618 ariimi⁵
433 559 467 616 et
480 546 601 642 ingenii
623 545 783 637 solania,
802 547 875 650 ,ipris
897 516 995 619 rebus
1015 549 1075 620 sibi
1094 550 1216 622 multos'

143 683 184 727 ex
202 649 365 727 Romanis
386 639 537 724 familiari
550 655 693 726 amicitia
711 657 993 751 conjunxeratm

198 765 295 833 vm.
311 765 361 832 Ea
374 775 569 856 tempestate
581 764 615 832 in
630 765 777 832 exercitu
790 775 906 832 nostro
922 762 1015 832 fuere
1028 763 1217 860 complures

146 871 226 940 novi
237 883 337 965 atque
348 867 492 938 nobiles¹
496 921 506 956 ,
519 868 638 963 quibus
654 869 776 940 divitia
788 869 878 940 bono
891 871 1097 966 honestoque
1111 873 1218 967 potio·

146 1001 202 1046 res
211 991 308 1046 erant
312 975 478 1064 ,factiosi‚
493 975 582 1045 domi
595 989 763 1071 potentes,
776 976 864 1071 apud
880 979 986 1046 socios
1001 977 1081 1047 clari
1097 981 1219 1098 magis,

64 1085 70 1102 '
148 1107 249 1178 quam
271 1081 440 1152 honesti²:
459 1083 516 1176 qui
545 1083 718 1178 Iugurthae
739 1107 807 1152 uon
828 1070 1049 1153 mediocrem³
1071 1087 1219 1154 animum

147 1189 363 1285 pollicitando
382 1187 625 1279 accendebant,
648 1215 674 1259 ιι
667 1191 838 1285 Micipsa
858 1215 916 1259 rex
933 1189 1125 1280 occidisset,
1148 1189 1221 1260 sore

147 1298 199 1366 uti
223 1294 341 1367 solus'
333 1297 463 1391 imperii
482 1243 647 1366 Numidiae
673 1299 864 1436 potiretur:
881 1299 915 1366 in
939 1299 1011 1393 ipso
1029 1321 1219 1367 maxumam

145 1405 457 1490 virtutem31lomae
473 1405 585 1472 omnia
599 1403 728 1473 venalia
744 1391 841 1474 essel.
860 1403 925 1474 Sed
943 1419 1134 1500 postquam,
1148 1406 1220 1474 Nu·

150 1509 275 1580 mantia
297 1496 429 1579 deleta⁵
432 1511 498 1598 Ρ.
519 1511 630 1606 Scipio
654 1511 821 1582 dimittere
846 1510 1013 1580 auxilia
976 1537 1074 1616 ‚ipse
1096 1513 1220 1581 revorti

151 1617 289 1688 domum
303 1563 468 1702 decrevil;
483 1615 642 1686 donatum
657 1632 755 1714 atque
769 1603 960 1688 laudatum⁶
969 1565 1145 1714 inagniliee
1159 1643 1221 1714 pro

152 1727 312 1794 concione
326 1723 550 1819 Jugurtham
541 1748 576 1791 m
589 1728 781 1820 praetorium
794 1725 953 1795 abduxit.
969 1725 1078 1820 ibique
1094 1740 1222 1796 secreto

151 1831 309 1918 monuit‚'
331 1832 381 1898 uti
401 1831 512 1926 potius
534 1831 684 1925 publice,
712 1857 812 1928 quiam
845 1834 1022 1927 privatim,
1044 1835 1223 1901 amicitiam

151 1935 267 2034 populi
297 1939 426 2005 romani
447 1936 601 2024 coleret⁷‚
627 1962 693 2006 neu
714 1939 833 2031 quibus
857 1937 969 2032 largiri
994 1940 1221 2006 insuesceret:

152 2041 338 2139 periculose
359 2066 379 2111 a
398 2045 512 2137 paucis
533 2045 622 2130 erni,
643 2042 734 2138 quod
762 2041 944 2112 multorum
973 2057 1080 2112 esset:
1103 2045 1130 2112 si
1149 2069 1223 2138 per·

137 2247 409 2320 'daiamtunusaepe
420 2247 449 2300 in
460 2251 614 2300 temeritatem
626 2247 667 2300 in·
711 2265 739 2300 ae
757 2250 812 2318 jam
831 2245 1025 2299 inflammatum
1043 2257 1070 2299 et
1086 2244 1224 2318 cupidum.

156 2329 304 2382 considam
317 2328 406 2382 vertit.
753 2332 779 2390 4.
795 2328 878 2378 Romae
890 2329 970 2378 omnia
978 2327 1078 2378 venalia
1089 2346 1145 2380 esse.
1159 2326 1225 2380 Ideo

196 2408 224 2462 5.
237 2405 406 2478 llrmficentiu
415 2411 496 2460 animi.
509 2408 621 2460 Animus
635 2405 669 2460 ad
712 2406 765 2460 emi
777 2426 854 2479 posse
868 2405 994 2479 apopulo
1007 2425 1118 2459 romano
1132 2407 1225 2460 Numi·

158 2487 247 2542 danda
260 2487 389 2542 beneficia
402 2504 512 2559 pronus.
523 2515 564 2530 -·
574 2489 672 2558 Ingenii
712 2485 764 2540 dio
777 2505 897 2558 regnum.
913 2489 973 2540 Jam
986 2499 1044 2539 tum
1058 2487 1169 2540 Romani
1185 2506 1227 2540 re·

158 2571 275 2622 tollertia.
287 2567 420 2622 Blandum
435 2579 462 2620 et
474 2581 566 2639 aptum
578 2568 669 2622 conci·
713 2585 764 2640 gna
778 2567 875 2634 aliena,
885 2581 1011 2638 tanquam
1022 2585 1083 2633 sua,
1093 2585 1144 2639 pro
1157 2568 1227 2620 arbi·

158 2647 256 2702 liandis
271 2649 393 2702 amicitiis
405 2647 550 2718 ingenium.
714 2649 767 2700 trio
781 2646 845 2701 dare
859 2661 904 2701 aut
917 2645 1034 2701 adimere
1047 2666 1152 2719 equum
1167 2665 1226 2701 cen·

200 2727 265 2782 Car.
279 2728 356 2782 vm.
368 2747 392 2782 ι.
408 2727 474 2781 Novi
487 2739 559 2800 aeque
571 2728 669 2781 muita.
714 2729 814 2782 sebmt.

161 2808 310 2862 nousolom
320 2809 396 2874 novi,
409 2805 546 2861 sedetiam
559 2809 671 2861 nobiles.
757 2808 783 2861 5.
793 2808 927 2860 Numantia
938 2807 1025 2862 deleta.
1034 2807 1110 2862 Ml.
1118 2807 1149 2862 C.
1158 2811 1226 2862 621.

204 2907 231 2942 a.
241 2887 314 2942 Clari
325 2893 402 2958 magis
414 2907 485 2961 queam
500 2889 598 2941 honesti
614 2888 673 2940 Ma·
757 2891 783 2941 6.
795 2888 919 2940 Donutm
932 2900 1003 2960 atque
1013 2888 1145 2940 laudatum
1155 2888 1227 2940 Pra-

162 2985 240 3040 μω
257 2969 348 3040 potius
367 2985 448 3040 quam
462 2968 560 3020 bonam
576 2967 673 3020 famam
716 2965 769 3020 mia
784 2979 811 3020 et
824 2967 984 3039 laudes,pro
999 2971 1123 3027 concione.
1136 2965 1227 3034 idest,

162 3049 298 3102 habentes.
311 3047 673 3118 Eademlaeverbalegun·
715 3060 844 3119 praesente
867 3049 998 3113 exercitu,
1019 3047 1158 3120 iugurtha
1179 3047 1227 3100 ιη’-

163 3140 209 3182 tur
223 3126 296 3202 apud
308 3128 368 3181 Liv.
379 3145 449 3193 vm,
464 3145 497 3197 ¹7
511 3145 518 3178 .·
532 3153 543 3175 ι
556 3123 674 3193 Quidam
716 3127 776 3180 buit
787 3127 1152 3200 imperatorememorabilem
1166 3145 1229 3180 sane

162 3209 333 3262 Locanmm
342 3207 430 3280 pretio
438 3205 676 3272 adrumentina-
717 3205 1229 3278 militiuexitum,quamfatalemeilore

164 3290 203 3359 gis
214 3289 286 3342 iuter
297 3288 448 3362 populares,
462 3287 647 3358 quintanori.
659 3310 671 3334 ι
718 3285 829 3358 Micipsa
848 3287 1011 3358 speraverat!
1031 3287 1133 3358 insigne
1157 3285 1228 3339 ludi·

166 3369 317 3441 Umtique
329 3368 453 3439 iutelligit
463 3364 534 3420 doct.
546 3367 676 3438 interpres
718 3367 808 3418 brium
824 3365 953 3430 fortuna,
964 3366 1125 3437 Iugurtham
1145 3367 1228 3418 extol-

166 3449 266 3502 Dnmu
290 3449 428 3501 Delamalle
443 3485 457 3513 ‚1
478 3445 554 3518 quasi
586 3447 679 3499 Ιιοιιωιί
718 3445 812 3510 lentis,
826 3461 879 3516 qua
888 3463 994 3518 pessum
1004 3447 1090 3497 ituros
1103 3443 1229 3498 credeba-

166 3527 247 3582 iidenr
261 3529 316 3583 sint
330 3547 361 3582 ac
374 3527 442 3590 doni,
460 3527 539 3598 proli.
553 3525 605 3580 Sed
620 3527 678 3580 leve
719 3525 779 3578 uir!
797 3545 838 3560 -··
850 3526 1001 3577 Pratortwn.
1018 3525 1230 3578 ‘sabernaculum

166 3605 308 3663 ffinimeu
322 3625 379 3662 osae
396 3605 504 3661 videtur
522 3609 592 3660 intes·
610 3605 678 3660 duos
719 3605 904 3677 imperatoris,
924 3623 956 3658 ex
976 3623 1008 3657 eo
1025 3602 1142 3668 dictum,
1157 3601 1230 3676 quod

165 3688 256 3756 luem
266 3691 305 3742 ita
316 3700 348 3742 ut
359 3689 388 3741 iu
398 3688 476 3742 Livio
489 3688 599 3740 lanatus
609 3689 678 3740 bene
721 3700 812 3738 omnes
820 3685 898 3739 initio
907 3686 1070 3739 exercituum
1083 3683 1232 3756 ducesproe·

168 3767 680 3833 murimunminsallustioau·
722 3777 798 3828 tores,
816 3767 985 3838 aproeeundm
1000 3765 1171 3820 vocabantur.

166 3860 221 3902 tm
243 3849 354 3904 marui.
376 3848 446 3901 Nam
464 3859 603 3920 utramque
620 3847 678 3900 rim
763 3865 789 3916 7.
803 3845 890 3898 Potius
902 3846 1035 3918 publicem.
1051 3845 1145 3897 coleret.
1160 3845 1233 3914 ami-

129 3940 133 3952 ’
165 3927 267 3984 habent
279 3927 409 4000 adjectiva
424 3928 533 4000 passivas
547 3927 685 3998 signilloa·¹
722 3926 810 3980 eitiam
826 3927 920 3998 populi
930 3927 1033 3979 romani
1048 3925 1157 3990 coleret,
1171 3925 1232 3977 uni·

166 4007 253 4063 tionis
260 4010 290 4063 in
306 4022 345 4062 ιω
358 4009 491 4062 exeuntia.
722 4023 803 4059 versa
818 4005 908 4077 potius
918 4006 1044 4068 civitatis,
1055 4023 1136 4076 quam
1147 4005 1233 4078 priva·

209 4089 236 4144 3.
259 4090 320 4145 Neu
338 4089 478 4143 mediam
497 4091 609 4143 ausam.
628 4087 681 4140 Per
722 4097 812 4140 torum
825 4087 935 4158 gratiam
946 4084 1097 4158 querendo.
