<?xml version="1.0" encoding="UTF-8"?>
<!DOCTYPE html PUBLIC "-//W3C//DTD XHTML 1.0 Transitional//EN"
    "http://www.w3.org/TR/xhtml1/DTD/xhtml1-transitional.dtd">
<html xmlns="http://www.w3.org/1999/xhtml" xml:lang="en" lang="en">
 <head>
  <title>
</title>
<meta http-equiv="Content-Type" content="text/html;charset=utf-8" />
  <meta name='ocr-system' content='tesseract 3.04.00' />
  <meta name='ocr-capabilities' content='ocr_page ocr_carea ocr_par ocr_line ocrx_word'/>
</head>
<body>
  <div class='ocr_page' id='page_1' title='image "./caiuscrispussal01sallgoog_0530.png"; bbox 0 0 2950 4648; ppageno 0'>
   <div class='ocr_carea' id='block_1_1' title="bbox 258 319 1325 2718">
    <p class='ocr_par' dir='ltr' id='par_1_1' title="bbox 264 319 1325 1096">
     <span class='ocr_line' id='line_1_1' title="bbox 265 319 1227 450; baseline -0.003 -18"><span class='ocrx_word' id='word_1_1' title='bbox 265 361 338 450; x_wconf 74' lang='lat'><strong>462</strong></span> <span class='ocrx_word' id='word_1_2' title='bbox 466 363 746 431; x_wconf 73' lang='lat' dir='ltr'><strong>snmusrri</strong></span> <span class='ocrx_word' id='word_1_3' title='bbox 775 362 1119 432; x_wconf 72' lang='lat' dir='ltr'><strong>rasennam.</strong></span> <span class='ocrx_word' id='word_1_4' title='bbox 1222 319 1227 352; x_wconf 62' lang='lat'>³</span> 
     </span>
     <span class='ocr_line' id='line_1_2' title="bbox 266 491 1325 590; baseline 0.002 -26"><span class='ocrx_word' id='word_1_5' title='bbox 266 509 428 590; x_wconf 86' lang='lat' dir='ltr'><strong>quantum</strong></span> <span class='ocrx_word' id='word_1_6' title='bbox 455 509 590 590; x_wconf 83' lang='lat' dir='ltr'><strong>possent</strong></span> <span class='ocrx_word' id='word_1_7' title='bbox 612 493 723 565; x_wconf 83' lang='lat' dir='ltr'><strong>domm</strong></span> <span class='ocrx_word' id='word_1_8' title='bbox 748 519 787 564; x_wconf 87' lang='lat' dir='ltr'><strong>ac</strong></span> <span class='ocrx_word' id='word_1_9' title='bbox 811 519 911 566; x_wconf 81' lang='lat' dir='ltr'><strong>morae</strong></span> <span class='ocrx_word' id='word_1_10' title='bbox 934 493 1089 570; x_wconf 82' lang='lat' dir='ltr'><strong>facerent.</strong></span> <span class='ocrx_word' id='word_1_11' title='bbox 1110 495 1152 564; x_wconf 83' lang='lat' dir='ltr'><strong>At</strong></span> <span class='ocrx_word' id='word_1_12' title='bbox 1173 491 1226 564; x_wconf 90' lang='lat' dir='ltr'><strong>ille</strong></span> <span class='ocrx_word' id='word_1_13' title='bbox 1247 497 1325 566; x_wconf 88' lang='lat' dir='ltr'><strong>visis</strong></span> 
     </span>
     <span class='ocr_line' id='line_1_3' title="bbox 266 600 1323 696; baseline 0.001 -27"><span class='ocrx_word' id='word_1_14' title='bbox 266 601 449 696; x_wconf 87' lang='lat' dir='ltr'><strong>equitibus,</strong></span> <span class='ocrx_word' id='word_1_15' title='bbox 465 603 653 695; x_wconf 80' lang='lat' dir='ltr'><strong>priusquam</strong></span> <span class='ocrx_word' id='word_1_16' title='bbox 677 627 754 670; x_wconf 92' lang='lat' dir='ltr'><strong>cum</strong></span> <span class='ocrx_word' id='word_1_17' title='bbox 774 600 901 696; x_wconf 86' lang='lat' dir='ltr'><strong>reliquo</strong></span> <span class='ocrx_word' id='word_1_18' title='bbox 918 605 1064 671; x_wconf 85' lang='lat' dir='ltr'><strong>exercitu</strong></span> <span class='ocrx_word' id='word_1_19' title='bbox 1085 600 1214 670; x_wconf 77' lang='lat' dir='ltr'>adesset</span> <span class='ocrx_word' id='word_1_20' title='bbox 1227 603 1323 670; x_wconf 83' lang='lat' dir='ltr'><strong>Vari·</strong></span> 
     </span>
     <span class='ocr_line' id='line_1_4' title="bbox 265 705 1323 801; baseline 0 -25"><span class='ocrx_word' id='word_1_21' title='bbox 265 709 356 794; x_wconf 89' lang='lat' dir='ltr'><strong>nius,</strong></span> <span class='ocrx_word' id='word_1_22' title='bbox 376 731 516 801; x_wconf 82' lang='lat' dir='ltr'><strong>propere</strong></span> <span class='ocrx_word' id='word_1_23' title='bbox 538 723 653 778; x_wconf 89' lang='lat' dir='ltr'><strong>nactus</strong></span> <span class='ocrx_word' id='word_1_24' title='bbox 671 707 807 779; x_wconf 88' lang='lat' dir='ltr'><strong>idoneos</strong></span> <span class='ocrx_word' id='word_1_25' title='bbox 825 733 867 778; x_wconf 78' lang='lat' dir='ltr'><strong>ex</strong></span> <span class='ocrx_word' id='word_1_26' title='bbox 888 706 1025 778; x_wconf 87' lang='lat' dir='ltr'><strong>callibus</strong></span> <span class='ocrx_word' id='word_1_27' title='bbox 1045 705 1164 794; x_wconf 88' lang='lat' dir='ltr'><strong>duces,</strong></span> <span class='ocrx_word' id='word_1_28' title='bbox 1185 709 1323 778; x_wconf 89' lang='lat' dir='ltr'><strong>Picenti·</strong></span> 
     </span>
     <span class='ocr_line' id='line_1_5' title="bbox 264 805 1321 909; baseline 0.003 -28"><span class='ocrx_word' id='word_1_29' title='bbox 264 814 333 901; x_wconf 87' lang='lat' dir='ltr'><strong>nis,</strong></span> <span class='ocrx_word' id='word_1_30' title='bbox 360 813 477 884; x_wconf 90' lang='lat' dir='ltr'><strong>deinde</strong></span> <span class='ocrx_word' id='word_1_31' title='bbox 503 813 657 887; x_wconf 86' lang='lat' dir='ltr'><strong>Eburinis</strong></span> <span class='ocrx_word' id='word_1_32' title='bbox 676 816 764 909; x_wconf 92' lang='lat' dir='ltr'><strong>jugis</strong></span> <span class='ocrx_word' id='word_1_33' title='bbox 790 812 940 884; x_wconf 91' lang='lat' dir='ltr'><strong>occultus</strong></span> <span class='ocrx_word' id='word_1_34' title='bbox 957 813 1000 882; x_wconf 93' lang='lat' dir='ltr'><strong>ad</strong></span> <span class='ocrx_word' id='word_1_35' title='bbox 1029 805 1125 882; x_wconf 71' lang='lat' dir='ltr'><strong>na&#39;res</strong></span> <span class='ocrx_word' id='word_1_36' title='bbox 1152 817 1321 899; x_wconf 88' lang='lat' dir='ltr'><strong>Lucanas,</strong></span> 
     </span>
     <span class='ocr_line' id='line_1_6' title="bbox 264 919 1322 1017; baseline 0.001 -30"><span class='ocrx_word' id='word_1_37' title='bbox 264 934 362 1014; x_wconf 86' lang='lat' dir='ltr'><strong>atque</strong></span> <span class='ocrx_word' id='word_1_38' title='bbox 380 920 457 990; x_wconf 91' lang='lat' dir='ltr'><strong>inde</strong></span> <span class='ocrx_word' id='word_1_39' title='bbox 475 922 581 1016; x_wconf 91' lang='lat' dir='ltr'><strong>prima</strong></span> <span class='ocrx_word' id='word_1_40' title='bbox 602 920 675 992; x_wconf 88' lang='lat' dir='ltr'><strong>luce</strong></span> <span class='ocrx_word' id='word_1_41' title='bbox 693 923 843 1017; x_wconf 90' lang='lat' dir='ltr'><strong>pervenit</strong></span> <span class='ocrx_word' id='word_1_42' title='bbox 860 921 901 995; x_wconf 91' lang='lat' dir='ltr'><strong>ad</strong></span> <span class='ocrx_word' id='word_1_43' title='bbox 921 919 1026 1015; x_wconf 87' lang='lat' dir='ltr'><strong>Popili</strong></span> <span class='ocrx_word' id='word_1_44' title='bbox 1042 923 1182 1008; x_wconf 83' lang='lat' dir='ltr'><strong>Forum,</strong></span> <span class='ocrx_word' id='word_1_45' title='bbox 1201 921 1322 1015; x_wconf 78' lang='lat' dir='ltr'><strong>ignaris</strong></span> 
     </span>
     <span class='ocr_line' id='line_1_7' title="bbox 265 1025 475 1096; baseline -0.019 0"><span class='ocrx_word' id='word_1_46' title='bbox 265 1025 444 1096; x_wconf 88' lang='lat' dir='ltr'><strong>cultoribus</strong></span> <span class='ocrx_word' id='word_1_47' title='bbox 454 1027 475 1092; x_wconf 92' lang='lat'><strong>⁷.</strong></span> 
     </span>
    </p>

    <p class='ocr_par' dir='ltr' id='par_1_2' title="bbox 258 1131 1321 2718">
     <span class='ocr_line' id='line_1_8' title="bbox 316 1131 1321 1228; baseline 0 -26"><span class='ocrx_word' id='word_1_48' title='bbox 316 1136 359 1202; x_wconf 88' lang='lat' dir='ltr'><strong>X.</strong></span> <span class='ocrx_word' id='word_1_49' title='bbox 381 1136 429 1202; x_wconf 82' lang='lat' dir='ltr'><strong>Ac</strong></span> <span class='ocrx_word' id='word_1_50' title='bbox 445 1135 554 1203; x_wconf 88' lang='lat' dir='ltr'><strong>statim</strong></span> <span class='ocrx_word' id='word_1_51' title='bbox 576 1133 704 1228; x_wconf 78' lang='lat' dir='ltr'><strong>fugitivi</strong></span> <span class='ocrx_word' id='word_1_52' title='bbox 728 1148 843 1203; x_wconf 89' lang='lat' dir='ltr'><strong>contra</strong></span> <span class='ocrx_word' id='word_1_53' title='bbox 864 1145 1067 1228; x_wconf 74' lang='lat' dir='ltr'><strong>praeceptum</strong></span> <span class='ocrx_word' id='word_1_54' title='bbox 1092 1131 1185 1202; x_wconf 85' lang='lat' dir='ltr'><strong>ducis</strong></span> <span class='ocrx_word' id='word_1_55' title='bbox 1206 1155 1321 1228; x_wconf 77' lang='lat' dir='ltr'><strong>rapere</strong></span> 
     </span>
     <span class='ocr_line' id='line_1_9' title="bbox 266 1237 1320 1335; baseline -0.001 -27"><span class='ocrx_word' id='word_1_56' title='bbox 266 1237 307 1308; x_wconf 85' lang='lat' dir='ltr'><strong>ad</strong></span> <span class='ocrx_word' id='word_1_57' title='bbox 328 1253 478 1333; x_wconf 85' lang='lat' dir='ltr'><strong>stuprum</strong></span> <span class='ocrx_word' id='word_1_58' title='bbox 500 1241 663 1335; x_wconf 84' lang='lat' dir='ltr'><strong>virgines,</strong></span> <span class='ocrx_word' id='word_1_59' title='bbox 683 1253 821 1326; x_wconf 84' lang='lat' dir='ltr'><strong>matres,</strong></span> <span class='ocrx_word' id='word_1_60' title='bbox 844 1254 878 1310; x_wconf 90' lang='lat' dir='ltr'><strong>et</strong></span> <span class='ocrx_word' id='word_1_61' title='bbox 899 1239 970 1310; x_wconf 86' lang='lat' dir='ltr'><strong>aliis</strong></span> <span class='ocrx_word' id='word_1_62' title='bbox 991 1237 1168 1308; x_wconf 82' lang='lat' dir='ltr'><strong>sceleribus</strong></span> <span class='ocrx_word' id='word_1_63' title='bbox 1187 1262 1320 1333; x_wconf 84' lang='lat' dir='ltr'><strong>operam</strong></span> 
     </span>
     <span class='ocr_line' id='line_1_10' title="bbox 264 1343 1320 1441; baseline 0 -27"><span class='ocrx_word' id='word_1_64' title='bbox 264 1343 363 1433; x_wconf 88' lang='lat' dir='ltr'><strong>dare;</strong></span> <span class='ocrx_word' id='word_1_65' title='bbox 375 1345 515 1416; x_wconf 90' lang='lat' dir='ltr'><strong>multum</strong></span> <span class='ocrx_word' id='word_1_66' title='bbox 533 1347 685 1434; x_wconf 86' lang='lat' dir='ltr'><strong>obstante</strong></span> <span class='ocrx_word' id='word_1_67' title='bbox 700 1349 881 1441; x_wconf 86' lang='lat' dir='ltr'><strong>Spartaco,</strong></span> <span class='ocrx_word' id='word_1_68' title='bbox 895 1347 949 1416; x_wconf 90' lang='lat' dir='ltr'><strong>cui</strong></span> <span class='ocrx_word' id='word_1_69' title='bbox 968 1359 1088 1440; x_wconf 79' lang='lat' dir='ltr'><strong>praeter</strong></span> <span class='ocrx_word' id='word_1_70' title='bbox 1104 1344 1320 1422; x_wconf 78' lang='lat' dir='ltr'><strong>humilitatem</strong></span> 
     </span>
     <span class='ocr_line' id='line_1_11' title="bbox 264 1449 1318 1548; baseline -0.002 -29"><span class='ocrx_word' id='word_1_71' title='bbox 264 1453 381 1540; x_wconf 89' lang='lat' dir='ltr'><strong>sortis,</strong></span> <span class='ocrx_word' id='word_1_72' title='bbox 392 1451 474 1522; x_wconf 92' lang='lat' dir='ltr'><strong>nihil</strong></span> <span class='ocrx_word' id='word_1_73' title='bbox 485 1451 527 1522; x_wconf 89' lang='lat' dir='ltr'><strong>ad</strong></span> <span class='ocrx_word' id='word_1_74' title='bbox 540 1455 648 1522; x_wconf 84' lang='lat' dir='ltr'><strong>eximii</strong></span> <span class='ocrx_word' id='word_1_75' title='bbox 666 1455 871 1548; x_wconf 90' lang='lat' dir='ltr'><strong>imperatoris</strong></span> <span class='ocrx_word' id='word_1_76' title='bbox 883 1449 1042 1522; x_wconf 90' lang='lat' dir='ltr'><strong>tuendum</strong></span> <span class='ocrx_word' id='word_1_77' title='bbox 1060 1476 1183 1520; x_wconf 89' lang='lat' dir='ltr'><strong>nomen</strong></span> <span class='ocrx_word' id='word_1_78' title='bbox 1198 1450 1318 1522; x_wconf 84' lang='lat' dir='ltr'><strong>deerat.</strong></span> 
     </span>
     <span class='ocr_line' id='line_1_12' title="bbox 262 1558 1319 1654; baseline 0 -28"><span class='ocrx_word' id='word_1_79' title='bbox 262 1558 378 1652; x_wconf 86' lang='lat' dir='ltr'><strong>Neque</strong></span> <span class='ocrx_word' id='word_1_80' title='bbox 390 1559 555 1653; x_wconf 75' lang='lat' dir='ltr'><strong>sapientie</strong></span> <span class='ocrx_word' id='word_1_81' title='bbox 573 1559 691 1654; x_wconf 84' lang='lat' dir='ltr'><strong>egebat</strong></span> <span class='ocrx_word' id='word_1_82' title='bbox 709 1583 775 1653; x_wconf 91' lang='lat' dir='ltr'><strong>qua</strong></span> <span class='ocrx_word' id='word_1_83' title='bbox 795 1559 906 1628; x_wconf 85' lang='lat' dir='ltr'><strong>futura</strong></span> <span class='ocrx_word' id='word_1_84' title='bbox 922 1559 1125 1653; x_wconf 88' lang='lat' dir='ltr'><strong>prospiceret</strong></span> <span class='ocrx_word' id='word_1_85' title='bbox 1142 1584 1150 1625; x_wconf 92' lang='lat'>:</span> <span class='ocrx_word' id='word_1_86' title='bbox 1169 1559 1319 1652; x_wconf 90' lang='lat' dir='ltr'><strong>victoque</strong></span> 
     </span>
     <span class='ocr_line' id='line_1_13' title="bbox 262 1661 1319 1759; baseline 0 -28"><span class='ocrx_word' id='word_1_87' title='bbox 262 1663 399 1733; x_wconf 91' lang='lat' dir='ltr'><strong>Varinio</strong></span> <span class='ocrx_word' id='word_1_88' title='bbox 412 1689 513 1758; x_wconf 90' lang='lat' dir='ltr'><strong>quum</strong></span> <span class='ocrx_word' id='word_1_89' title='bbox 532 1665 692 1758; x_wconf 89' lang='lat' dir='ltr'><strong>majorem</strong></span> <span class='ocrx_word' id='word_1_90' title='bbox 704 1691 774 1736; x_wconf 88' lang='lat' dir='ltr'><strong>esse</strong></span> <span class='ocrx_word' id='word_1_91' title='bbox 789 1689 960 1737; x_wconf 83' lang='lat' dir='ltr'><strong>romanam</strong></span> <span class='ocrx_word' id='word_1_92' title='bbox 974 1665 1157 1759; x_wconf 88' lang='lat' dir='ltr'><strong>potentiam</strong></span> <span class='ocrx_word' id='word_1_93' title='bbox 1167 1661 1319 1759; x_wconf 80' lang='lat' dir='ltr'><strong>intellige</strong></span> 
     </span>
     <span class='ocr_line' id='line_1_14' title="bbox 263 1768 1318 1866; baseline 0.004 -30"><span class='ocrx_word' id='word_1_94' title='bbox 263 1783 329 1857; x_wconf 90' lang='lat' dir='ltr'><strong>ret,</strong></span> <span class='ocrx_word' id='word_1_95' title='bbox 338 1795 437 1864; x_wconf 87' lang='lat' dir='ltr'><strong>quam</strong></span> <span class='ocrx_word' id='word_1_96' title='bbox 449 1785 488 1838; x_wconf 91' lang='lat' dir='ltr'><strong>ut</strong></span> <span class='ocrx_word' id='word_1_97' title='bbox 499 1795 630 1866; x_wconf 88' lang='lat' dir='ltr'><strong>sperare</strong></span> <span class='ocrx_word' id='word_1_98' title='bbox 644 1773 812 1840; x_wconf 89' lang='lat' dir='ltr'><strong>interitum</strong></span> <span class='ocrx_word' id='word_1_99' title='bbox 823 1772 893 1865; x_wconf 92' lang='lat' dir='ltr'><strong>ejus</strong></span> <span class='ocrx_word' id='word_1_100' title='bbox 903 1785 1027 1866; x_wconf 81' lang='lat' dir='ltr'><strong>posset,</strong></span> <span class='ocrx_word' id='word_1_101' title='bbox 1038 1785 1155 1839; x_wconf 86' lang='lat' dir='ltr'><strong>auctor</strong></span> <span class='ocrx_word' id='word_1_102' title='bbox 1168 1769 1211 1840; x_wconf 90' lang='lat' dir='ltr'><strong>ad</strong></span> <span class='ocrx_word' id='word_1_103' title='bbox 1221 1768 1318 1865; x_wconf 84' lang='lat' dir='ltr'><strong>Alpes</strong></span> 
     </span>
     <span class='ocr_line' id='line_1_15' title="bbox 261 1874 1317 1972; baseline 0.002 -29"><span class='ocrx_word' id='word_1_104' title='bbox 261 1875 360 1944; x_wconf 91' lang='lat' dir='ltr'><strong>eundi</strong></span> <span class='ocrx_word' id='word_1_105' title='bbox 373 1877 439 1946; x_wconf 92' lang='lat' dir='ltr'><strong>suis</strong></span> <span class='ocrx_word' id='word_1_106' title='bbox 458 1892 548 1965; x_wconf 90' lang='lat' dir='ltr'><strong>erat,</strong></span> <span class='ocrx_word' id='word_1_107' title='bbox 567 1892 605 1948; x_wconf 91' lang='lat' dir='ltr'><strong>ut</strong></span> <span class='ocrx_word' id='word_1_108' title='bbox 621 1879 659 1947; x_wconf 92' lang='lat' dir='ltr'><strong>iis</strong></span> <span class='ocrx_word' id='word_1_109' title='bbox 676 1880 856 1972; x_wconf 89' lang='lat' dir='ltr'><strong>superatis,</strong></span> <span class='ocrx_word' id='word_1_110' title='bbox 875 1878 996 1946; x_wconf 88' lang='lat' dir='ltr'><strong>diversi</strong></span> <span class='ocrx_word' id='word_1_111' title='bbox 1011 1876 1158 1946; x_wconf 85' lang='lat' dir='ltr'><strong>Thraces</strong></span> <span class='ocrx_word' id='word_1_112' title='bbox 1169 1874 1317 1971; x_wconf 89' lang='lat' dir='ltr'><strong>Gallique</strong></span> 
     </span>
     <span class='ocr_line' id='line_1_16' title="bbox 260 1981 1316 2078; baseline 0.003 -29"><span class='ocrx_word' id='word_1_113' title='bbox 260 2005 353 2050; x_wconf 90' lang='lat' dir='ltr'><strong>suam</strong></span> <span class='ocrx_word' id='word_1_114' title='bbox 367 1985 504 2078; x_wconf 90' lang='lat' dir='ltr'><strong>quisque</strong></span> <span class='ocrx_word' id='word_1_115' title='bbox 516 1986 656 2077; x_wconf 87' lang='lat' dir='ltr'><strong>patriam</strong></span> <span class='ocrx_word' id='word_1_116' title='bbox 668 1999 864 2078; x_wconf 85' lang='lat' dir='ltr'><strong>repeterent.</strong></span> <span class='ocrx_word' id='word_1_117' title='bbox 878 1983 943 2054; x_wconf 90' lang='lat' dir='ltr'><strong>Sed</strong></span> <span class='ocrx_word' id='word_1_118' title='bbox 955 1981 1001 2052; x_wconf 90' lang='lat' dir='ltr'><strong>illi</strong></span> <span class='ocrx_word' id='word_1_119' title='bbox 1014 1981 1222 2054; x_wconf 90' lang='lat' dir='ltr'><strong>multitudine</strong></span> <span class='ocrx_word' id='word_1_120' title='bbox 1236 2007 1316 2054; x_wconf 88' lang='lat' dir='ltr'><strong>oon·</strong></span> 
     </span>
     <span class='ocr_line' id='line_1_17' title="bbox 260 2086 1315 2184; baseline 0.002 -28"><span class='ocrx_word' id='word_1_121' title='bbox 260 2086 329 2176; x_wconf 82' lang='lat' dir='ltr'><strong>fisi,</strong></span> <span class='ocrx_word' id='word_1_122' title='bbox 347 2103 380 2156; x_wconf 88' lang='lat' dir='ltr'><strong>et</strong></span> <span class='ocrx_word' id='word_1_123' title='bbox 391 2088 468 2158; x_wconf 87' lang='lat' dir='ltr'><strong>elati</strong></span> <span class='ocrx_word' id='word_1_124' title='bbox 478 2114 651 2178; x_wconf 89' lang='lat' dir='ltr'><strong>successu,</strong></span> <span class='ocrx_word' id='word_1_125' title='bbox 664 2091 863 2184; x_wconf 90' lang='lat' dir='ltr'><strong>spernebant</strong></span> <span class='ocrx_word' id='word_1_126' title='bbox 874 2089 1004 2160; x_wconf 83' lang='lat' dir='ltr'><strong>salubre</strong></span> <span class='ocrx_word' id='word_1_127' title='bbox 1016 2088 1186 2158; x_wconf 89' lang='lat' dir='ltr'><strong>consilium</strong></span> <span class='ocrx_word' id='word_1_128' title='bbox 1198 2141 1208 2176; x_wconf 91' lang='lat'>,</span> <span class='ocrx_word' id='word_1_129' title='bbox 1218 2103 1253 2158; x_wconf 90' lang='lat' dir='ltr'><strong>et</strong></span> <span class='ocrx_word' id='word_1_130' title='bbox 1263 2087 1315 2158; x_wconf 79' lang='lat' dir='ltr'><strong>de</strong></span> 
     </span>
     <span class='ocr_line' id='line_1_18' title="bbox 260 2193 1314 2291; baseline 0.006 -30"><span class='ocrx_word' id='word_1_131' title='bbox 260 2195 418 2264; x_wconf 84' lang='lat' dir='ltr'><strong>vastanda</strong></span> <span class='ocrx_word' id='word_1_132' title='bbox 434 2195 548 2284; x_wconf 86' lang='lat' dir='ltr'><strong>ltalia,</strong></span> <span class='ocrx_word' id='word_1_133' title='bbox 565 2221 631 2266; x_wconf 83' lang='lat' dir='ltr'><strong>suae</strong></span> <span class='ocrx_word' id='word_1_134' title='bbox 643 2195 767 2266; x_wconf 91' lang='lat' dir='ltr'><strong>libidini</strong></span> <span class='ocrx_word' id='word_1_135' title='bbox 779 2197 988 2290; x_wconf 85' lang='lat' dir='ltr'><strong>avaritiaeque</strong></span> <span class='ocrx_word' id='word_1_136' title='bbox 1004 2193 1225 2291; x_wconf 88' lang='lat' dir='ltr'><strong>indulgebant</strong></span> <span class='ocrx_word' id='word_1_137' title='bbox 1245 2197 1314 2266; x_wconf 82' lang='lat' dir='ltr'><strong>lam</strong></span> 
     </span>
     <span class='ocr_line' id='line_1_19' title="bbox 260 2299 1315 2398; baseline 0.001 -30"><span class='ocrx_word' id='word_1_138' title='bbox 260 2302 347 2370; x_wconf 89' lang='lat' dir='ltr'><strong>enim</strong></span> <span class='ocrx_word' id='word_1_139' title='bbox 362 2303 450 2372; x_wconf 85' lang='lat' dir='ltr'><strong>circa</strong></span> <span class='ocrx_word' id='word_1_140' title='bbox 468 2305 680 2372; x_wconf 88' lang='lat' dir='ltr'><strong>Consentiam</strong></span> <span class='ocrx_word' id='word_1_141' title='bbox 697 2317 731 2372; x_wconf 88' lang='lat' dir='ltr'><strong>et</strong></span> <span class='ocrx_word' id='word_1_142' title='bbox 743 2305 973 2398; x_wconf 89' lang='lat' dir='ltr'><strong>Metapontum</strong></span> <span class='ocrx_word' id='word_1_143' title='bbox 987 2299 1166 2372; x_wconf 90' lang='lat' dir='ltr'><strong>delectibus</strong></span> <span class='ocrx_word' id='word_1_144' title='bbox 1184 2299 1315 2394; x_wconf 85' lang='lat' dir='ltr'><strong>agendis</strong></span> 
     </span>
     <span class='ocr_line' id='line_1_20' title="bbox 258 2405 1314 2504; baseline 0.002 -30"><span class='ocrx_word' id='word_1_145' title='bbox 258 2405 303 2474; x_wconf 90' lang='lat' dir='ltr'><strong>ita</strong></span> <span class='ocrx_word' id='word_1_146' title='bbox 325 2423 517 2496; x_wconf 88' lang='lat' dir='ltr'><strong>creverant,</strong></span> <span class='ocrx_word' id='word_1_147' title='bbox 540 2423 577 2477; x_wconf 91' lang='lat' dir='ltr'><strong>ut</strong></span> <span class='ocrx_word' id='word_1_148' title='bbox 594 2424 664 2477; x_wconf 88' lang='lat' dir='ltr'><strong>tum</strong></span> <span class='ocrx_word' id='word_1_149' title='bbox 688 2409 821 2502; x_wconf 87' lang='lat' dir='ltr'><strong>quidem</strong></span> <span class='ocrx_word' id='word_1_150' title='bbox 845 2411 1022 2504; x_wconf 87' lang='lat' dir='ltr'><strong>Spartacus</strong></span> <span class='ocrx_word' id='word_1_151' title='bbox 1044 2408 1178 2501; x_wconf 83' lang='lat' dir='ltr'><strong>triginta</strong></span> <span class='ocrx_word' id='word_1_152' title='bbox 1201 2405 1314 2492; x_wconf 84' lang='lat' dir='ltr'><strong>millia,</strong></span> 
     </span>
     <span class='ocr_line' id='line_1_21' title="bbox 259 2513 1314 2609; baseline -0.002 -27"><span class='ocrx_word' id='word_1_153' title='bbox 259 2514 377 2582; x_wconf 88' lang='lat' dir='ltr'><strong>Crixus</strong></span> <span class='ocrx_word' id='word_1_154' title='bbox 395 2513 526 2599; x_wconf 87' lang='lat' dir='ltr'><strong>decem,</strong></span> <span class='ocrx_word' id='word_1_155' title='bbox 543 2515 604 2584; x_wconf 90' lang='lat' dir='ltr'><strong>sub</strong></span> <span class='ocrx_word' id='word_1_156' title='bbox 623 2517 722 2609; x_wconf 90' lang='lat' dir='ltr'><strong>signis</strong></span> <span class='ocrx_word' id='word_1_157' title='bbox 744 2515 896 2587; x_wconf 87' lang='lat' dir='ltr'><strong>habuisse</strong></span> <span class='ocrx_word' id='word_1_158' title='bbox 917 2514 1084 2598; x_wconf 79' lang='lat' dir='ltr'><strong>tradatur5</strong></span> <span class='ocrx_word' id='word_1_159' title='bbox 1103 2537 1180 2584; x_wconf 90' lang='lat' dir='ltr'><strong>nam</strong></span> <span class='ocrx_word' id='word_1_160' title='bbox 1203 2515 1314 2584; x_wconf 88' lang='lat' dir='ltr'><strong>tertius</strong></span> 
     </span>
     <span class='ocr_line' id='line_1_22' title="bbox 258 2606 1053 2718; baseline 0.003 -32"><span class='ocrx_word' id='word_1_161' title='bbox 258 2617 381 2689; x_wconf 90' lang='lat' dir='ltr'><strong>ducum</strong></span> <span class='ocrx_word' id='word_1_162' title='bbox 400 2621 579 2692; x_wconf 85' lang='lat' dir='ltr'><strong>AEnomaus</strong></span> <span class='ocrx_word' id='word_1_163' title='bbox 591 2623 759 2716; x_wconf 88' lang='lat' dir='ltr'><strong>superiore</strong></span> <span class='ocrx_word' id='word_1_164' title='bbox 777 2619 865 2691; x_wconf 89' lang='lat' dir='ltr'><strong>bello</strong></span> <span class='ocrx_word' id='word_1_165' title='bbox 883 2606 1053 2718; x_wconf 84' lang='lat' dir='ltr'><strong>perierat⁸.</strong></span> 
     </span>
    </p>
   </div>
   <div class='ocr_carea' id='block_1_2' title="bbox 301 2822 978 2969">
    <p class='ocr_par' dir='ltr' id='par_1_3' title="bbox 301 2822 978 2969">
     <span class='ocr_line' id='line_1_23' title="bbox 301 2822 825 2898; baseline 0.008 -25"><span class='ocrx_word' id='word_1_166' title='bbox 301 2840 329 2892; x_wconf 87' lang='lat'><strong>7.</strong></span> <span class='ocrx_word' id='word_1_167' title='bbox 355 2822 477 2876; x_wconf 80' lang='lat' dir='ltr'><strong>Frontini</strong></span> <span class='ocrx_word' id='word_1_168' title='bbox 498 2823 652 2898; x_wconf 72' lang='lat' dir='ltr'><strong>Snatagem.</strong></span> <span class='ocrx_word' id='word_1_169' title='bbox 668 2825 716 2880; x_wconf 86' lang='lat' dir='ltr'><strong>lib.</strong></span> <span class='ocrx_word' id='word_1_170' title='bbox 730 2844 763 2891; x_wconf 72' lang='lat' dir='ltr'><strong>v,</strong></span> <span class='ocrx_word' id='word_1_171' title='bbox 780 2845 825 2880; x_wconf 75' lang='lat' dir='ltr'><strong>aa.</strong></span> 
     </span>
     <span class='ocr_line' id='line_1_24' title="bbox 301 2901 978 2969; baseline 0.006 -15"><span class='ocrx_word' id='word_1_172' title='bbox 301 2903 327 2954; x_wconf 83' lang='lat'><strong>8.</strong></span> <span class='ocrx_word' id='word_1_173' title='bbox 349 2901 410 2956; x_wconf 77' lang='lat' dir='ltr'><strong>sut.</strong></span> <span class='ocrx_word' id='word_1_174' title='bbox 426 2901 493 2957; x_wconf 78' lang='lat' dir='ltr'><strong>flio.</strong></span> <span class='ocrx_word' id='word_1_175' title='bbox 513 2905 563 2958; x_wconf 92' lang='lat'>111.</span> <span class='ocrx_word' id='word_1_176' title='bbox 586 2935 627 2950; x_wconf 88' lang='lat'>-</span> <span class='ocrx_word' id='word_1_177' title='bbox 640 2903 709 2958; x_wconf 75' lang='lat' dir='ltr'><strong>rtur.</strong></span> <span class='ocrx_word' id='word_1_178' title='bbox 730 2936 770 2948; x_wconf 85' lang='lat'><strong>--</strong></span> <span class='ocrx_word' id='word_1_179' title='bbox 786 2905 863 2960; x_wconf 86' lang='lat' dir='ltr'><strong>Oros.</strong></span> <span class='ocrx_word' id='word_1_180' title='bbox 879 2923 916 2968; x_wconf 83' lang='lat' dir='ltr'><strong>v,</strong></span> <span class='ocrx_word' id='word_1_181' title='bbox 935 2911 978 2969; x_wconf 71' lang='lat' dir='ltr'><strong>aq.</strong></span> 
     </span>
    </p>
   </div>
   <div class='ocr_carea' id='block_1_3' title="bbox 1444 2 1457 596">
    <p class='ocr_par' dir='ltr' id='par_1_4' title="bbox 1444 2 1457 753">
     <span class='ocr_line' id='line_1_25' title="bbox 1444 2 1457 596; baseline 0 157"><span class='ocrx_word' id='word_1_182' title='bbox 1444 2 1457 596; x_wconf 75' lang='lat' dir='ltr'><strong>l</strong></span> 
     </span>
    </p>
   </div>
   <div class='ocr_carea' id='block_1_4' title="bbox 0 0 1480 4648">
    <p class='ocr_par' dir='ltr' id='par_1_5' title="bbox 0 0 1480 4648">
     <span class='ocr_line' id='line_1_26' title="bbox 0 0 1480 4648; baseline 0 5"><span class='ocrx_word' id='word_1_183' title='bbox 0 0 1480 4648; x_wconf 95' lang='lat' dir='ltr'><strong> </strong></span> 
     </span>
    </p>
   </div>
  </div>
 </body>
</html>
