2950 4648
246 349 319 426 500
595 349 949 422 DECLAMATIO

242 489 315 579 Ego
340 483 425 552 dabo
450 506 601 576 operam,
626 498 663 551 ut
686 497 719 552 et
746 507 807 578 pro
834 507 887 550 me
909 482 1043 576 minimo
1068 507 1144 551 cum
1166 483 1303 554 fastidio

215 615 218 622 ⁴
242 589 476 686 respondeam,
490 603 524 657 et
536 590 569 656 in
582 590 680 658 hunc
689 591 822 658 minime
834 589 988 656 mentitus
1004 612 1073 657 esse
1084 589 1205 658 videar.
1220 593 1303 660 Scio

241 722 313 784 me,
326 699 360 763 Ρ.
378 698 430 783 C.,
444 697 478 763 in
491 695 720 789 respondendo
734 720 801 764 non
818 694 939 762 habere
956 717 1109 788 magnam
1124 711 1300 790 exspecta-

241 805 384 890 tionem,
407 801 498 897 quod
521 800 648 870 nullum
670 827 728 870 vos
754 801 861 871 sciatis
881 823 1004 868 novum
1025 801 1149 870 crimen
1170 804 1205 869 in
1222 801 1301 871 Sal·

241 908 375 978 lustium
395 908 583 996 audituros,
610 907 666 977 sed
686 909 798 977 omnia
819 921 931 976 vetera
953 909 1199 1001 recognituros,
1222 911 1300 1001 quis

241 1029 275 1084 et
295 1039 398 1102 meae,
420 1029 454 1083 et
476 1029 591 1084 vestrae
614 1015 705 1109 jam,
733 1029 765 1082 et
789 1015 890 1108 ipsius
913 1035 1007 1082 aures
1030 1011 1144 1082 calent.
1168 1017 1299 1094 Verum

240 1147 280 1190 eo
303 1123 407 1216 magis
429 1119 534 1190 odisse
552 1121 677 1190 debetis
699 1122 884 1205 hominem,
904 1121 960 1212 qui
982 1141 1023 1186 ne
1044 1121 1201 1216 incipiens
1214 1122 1297 1214 qui·

239 1227 315 1296 dem
338 1253 489 1323 peccare,
508 1229 649 1297 minimis
671 1227 768 1296 rebus
787 1227 896 1321 posuit
913 1225 1153 1314 rudimentum;
1177 1225 1299 1294 sedita

239 1335 404 1426 ingressus
419 1349 485 1422 est,
496 1337 544 1402 uti
559 1358 665 1427 neque
684 1334 725 1401 ab
741 1331 804 1401 alio
817 1333 906 1401 vinci
919 1333 1035 1426 possit,
1054 1356 1161 1426 neque
1178 1333 1246 1426 ipse
1262 1356 1299 1401 se

239 1442 374 1509 omnino
387 1439 512 1534 reliqua
527 1454 620 1510 aetate
636 1440 811 1534 praeterire.
829 1442 946 1532 Itaque
964 1437 1044 1506 nihil
1062 1437 1150 1506 aliud
1171 1437 1298 1526 studet,

238 1548 314 1632 nisi,
331 1548 377 1614 uti
398 1544 578 1614 lutulentus
596 1571 670 1632 sus,
689 1571 765 1614 oum
781 1547 897 1640 quovis
912 1543 1063 1612 volutari.
1083 1547 1199 1638 Longe
1215 1568 1298 1613 vero

237 1650 362 1720 fallitur
384 1653 557 1745 opinione:
577 1676 644 1719 non
665 1654 752 1720 enim
774 1652 976 1746 procacitate
998 1649 1212 1744 linguaetritae
1226 1675 1296 1719 sor·

237 1755 295 1826 des
312 1755 487 1842 eluuntur;
503 1756 560 1826 sed
579 1771 628 1826 est
645 1757 796 1850 quaedam
815 1756 994 1844 calumnia,
1006 1781 1105 1850 quam
1123 1757 1295 1850 unusquis·

237 1887 301 1956 que
322 1877 472 1932 nostrum
488 1877 627 1932 testante
649 1865 759 1932 animo
780 1889 840 1932 suo
858 1862 940 1950 fert,
962 1862 1003 1930 de
1024 1887 1078 1950 eo,
1101 1865 1155 1956 qui
1178 1861 1294 1932 salsum

237 1969 362 2037 crimen
385 1969 480 2038 bonis
498 1969 651 2061 objectat.
674 1967 774 2056 Quod
791 1971 819 2037 si
839 1969 907 2037 vita
927 1970 1018 2036 istius
1036 1970 1228 2038 memoriam
1248 1971 1294 2036 vi·

237 2077 335 2163 cerit3
350 2072 456 2162 illam,
472 2077 505 2142 P.
528 2078 583 2161 C.,
598 2099 666 2142 non
686 2100 726 2143 ex
747 2076 912 2161 oratione,
929 2073 986 2142 sed
1006 2097 1046 2142 ex
1065 2075 1211 2142 moribus
1230 2076 1296 2143 suis

236 2195 384 2274 spectare
409 2181 544 2250 debetis.
571 2183 644 2248 Jam
667 2179 754 2249 dabo
775 2205 929 2276 operam,
950 2203 1050 2274 quam
1074 2183 1214 2249 maxirne
1232 2205 1295 2274 po·

235 2300 326 2372 tero,
346 2287 439 2356 brevi
460 2302 498 2355 ut
516 2286 645 2355 faciam.
665 2289 782 2379 Neque
800 2287 870 2354 haec
888 2284 1057 2354 altercatio
1075 2302 1189 2356 nostra
1203 2286 1295 2357 vobis

234 2391 358 2461 inutilis
380 2394 465 2480 erit,
489 2395 524 2461 P.
549 2395 585 2460 C.
615 2391 811 2485 Plerumque
838 2393 925 2460 euim
951 2391 1134 2485 respublica
1160 2395 1295 2487 privatis

235 2501 353 2568 crescit
368 2499 566 2580 inimicitiis;
588 2497 645 2565 ubi
660 2522 758 2565 nemo
777 2497 879 2585 civis,
904 2497 1007 2590 qualis
1030 2499 1070 2566 sit
1088 2501 1165 2584 vir,
1188 2513 1295 2593 potest

233 2602 344 2673 latere.

287 2713 332 2778 II.
352 2709 497 2778 Primum
515 2710 630 2802 igitur,
650 2712 806 2802 quoniam
825 2711 975 2778 omnium
997 2712 1138 2806 majores
1158 2712 1294 2805 Crispus

235 2813 405 2884 Sallustius
427 2815 468 2882 ad
490 2839 594 2883 unum
612 2814 799 2910 exemplum
820 2815 1021 2910 stragulam
1043 2821 1179 2910 quaerit;
1195 2815 1293 2885 velim

235 2920 317 2989 mihi
347 2907 560 3015 respoudeat,
586 2922 766 3016 numquid,
792 2947 874 3015 quos
898 2921 1035 3017 protulit
1063 2925 1232 3018 Scipiones
1262 2939 1294 2993 et

235 3023 405 3114 Metellos,
434 3024 487 3094 vel
513 3026 650 3115 Fabios,
682 3043 759 3096 ante
789 3027 914 3097 fuerint
941 3043 999 3096 aut
1027 3030 1210 3123 opinionis,
1239 3042 1295 3097 aut

235 3129 363 3225 gloriae,
383 3155 481 3226 quam
504 3157 560 3202 eos
584 3157 637 3202 res
659 3149 757 3227 gestae
780 3159 864 3224 suae,
882 3149 916 3202 et
934 3137 1004 3203 uita
1028 3136 1294 3204 innocuitissime

234 3251 308 3306 acta
322 3238 566 3308 commendavit
577 3235 701 3329 ?Quod
720 3243 745 3309 si
768 3240 833 3310 hoc
852 3239 913 3309 fuit
930 3239 993 3310 illis
1010 3243 1138 3311 initium
1153 3243 1294 3310 nominis

234 3359 268 3412 et
286 3343 470 3438 dignitatis,
488 3371 548 3415 cur
569 3371 636 3414 non
658 3371 749 3441 aeque
770 3346 812 3414 de
833 3348 937 3416 nobis.
952 3346 1179 3417 existimetur?
1200 3347 1293 3436 cujus

235 3462 268 3517 et
279 3474 331 3518 res
345 3465 443 3544 gestae
457 3451 599 3520 illustres
620 3467 712 3541 sunt,
731 3466 764 3520 et
777 3454 844 3520 vita
864 3453 1074 3546 integerrime
1088 3465 1171 3520 acta.
1189 3451 1293 3539 Quasi

234 3578 314 3622 vero
336 3570 373 3623 tu
393 3559 435 3625 sis
457 3556 577 3626 abillis
600 3559 697 3644 viris,
714 3554 864 3646 Sallusti,
892 3572 984 3626 ortus
1001 3557 1119 3650 :quod
1141 3557 1167 3624 si
1189 3580 1293 3642 esses,

232 3660 407 3752 nonnullos
424 3663 492 3755 jam
517 3678 582 3730 tuae
602 3662 813 3757 turpitudinis
841 3665 977 3758 pigeret.
996 3665 1069 3758 Ego
1092 3663 1172 3732 meis
1191 3663 1292 3756 majo·

233 3767 323 3835 ribus
338 3770 459 3836 virtute
473 3791 547 3835 mea
565 3766 717 3860 praeluxi3
741 3770 807 3856 uti,
821 3770 848 3837 si
863 3772 954 3862 prius
972 3771 1041 3838 noti
1062 3793 1128 3837 non
1147 3768 1290 3856 fuerint,

234 3894 254 3938 a
271 3897 324 3940 me
342 3875 504 3967 accipiant
518 3874 646 3942 initium
666 3877 832 3944 memoriae
851 3899 916 3946 suae
932 3901 939 3944 :
955 3891 993 3944 tu
1008 3877 1072 3945 tuis
1093 3877 1178 3964 vita,
1192 3898 1291 3968 quam

233 3980 375 4072 turpiter
389 3981 499 4074 egisti,
513 4003 650 4076 magnas
660 3979 810 4053 offudisti
825 3982 995 4072 tenebras,
1009 3995 1047 4053 ut
1056 3982 1171 4068 etiam,
1186 3983 1213 4050 si
1225 3979 1294 4050 fue·
