2922 4642
193 353 217 398 x
595 325 856 396 Eul't‘outs

191 463 431 536 exhibuimus.
451 467 665 562 Fragmenta
685 487 781 562 pene
801 439 945 550 omnia,
964 460 1137 558 quemad
1153 487 1259 534 even-

192 597 270 652 tum
285 577 460 678 quodque
473 576 600 651 referri
614 578 807 650 verisimile
822 579 882 666 sit,
899 577 1149 676 exposuimus3
1165 579 1260 649 viam

115 778 119 786 .
192 695 342 794 quidem
365 695 549 793 aperiente
568 693 699 766 eodem
712 699 770 766 De
783 699 947 778 Brosses,
961 691 1025 764 sed
1039 717 1121 790 quae
1139 708 1261 766 tamen

192 835 268 900 res,
288 810 455 882 nondum
474 810 583 882 latine
601 823 756 897 tentata,
777 803 990 880 nonnullius
1011 821 1109 880 certe
1128 806 1262 882 laboris

192 923 272 997 fuit.
297 927 465 1024 Denique
485 925 575 998 duas
594 924 640 997 ad
662 929 837 998 Caesarem
856 923 1033 1022 Epistulas
1051 947 1127 996 non
1143 949 1262 1023 gram-

193 1041 323 1114 matice
359 1055 519 1130 tautum,
541 1039 605 1112 sed
641 1041 749 1111 etiam
779 1037 949 1111 historice
979 1038 1262 1130 illustravimus,

194 1154 295 1252 quod
323 1179 432 1228 uemo
458 1154 578 1228 adhuc
605 1156 847 1253 interpretum
875 1150 1018 1226 lecerat.
1049 1152 1146 1244 Quid
1175 1177 1263 1224 vem

195 1269 260 1340 tibi
289 1295 407 1342 meam
436 1295 530 1369 ego,
557 1268 698 1342 erudite
724 1269 855 1356 lector,
879 1293 1028 1366 operam
1051 1267 1265 1340 venditam?

195 1383 307 1456 hahes
325 1386 401 1484 ipse
425 1400 484 1472 tu,
497 1385 596 1456 unde
612 1384 759 1480 judices.
780 1381 902 1456 Silebo
922 1385 1032 1482 igitur
1050 1382 1095 1455 de
1113 1407 1264 1482 geogra-

196 1500 304 1599 phico
324 1519 360 1571 et
380 1499 578 1572 verborum
602 1497 805 1596 Indicibus‚
827 1499 893 1597 qui
914 1499 1067 1571 omnino
1090 1497 1156 1570 tibi
1178 1499 1265 1569 novi

195 1629 479 1712 proponuntur3
507 1630 544 1686 et
570 1613 616 1686 de
642 1616 777 1686 Notitia
802 1613 992 1702 litteraria,
1012 1615 1051 1685 in
1078 1637 1150 1712 qua
1175 1611 1266 1684 nihil

196 1731 406 1827 cognitione
420 1731 571 1828 dignum
585 1731 706 1800 omisit
721 1730 776 1800 vir
791 1727 1054 1800 eruditissimus
1067 1733 1149 1800 Ant.
1167 1729 1265 1800 Alex.

197 1846 355 1932 Barbicr,
376 1846 569 1942 Regiarurn
584 1842 890 1916 bibliothecarum
915 1857 1089 1916 custoset
1113 1843 1267 1914 admini-

197 1974 351 2048 strator;
373 1961 590 2058 veniamque
611 1959 657 2030 ad
677 1961 797 2056 ipsum
820 1960 978 2030 auctoris
1000 1973 1150 2030 textum.

123 2095 125 2100 ’
246 2081 337 2178 Duae
355 2074 445 2146 mihi
463 2073 704 2148 occurrebant
721 2063 904 2146 rationes:
924 2097 998 2146 una
1015 2075 1268 2172 Havercampi‚

198 2192 264 2288 qui
285 2193 406 2290 primis
422 2206 458 2263 et
479 2190 632 2290 vulgatis
651 2188 874 2262 editionibus
890 2204 925 2262 et
948 2188 1134 2262 codicibus
1154 2189 1269 2288 pluri-

197 2309 268 2378 mis
295 2309 447 2406 propius
467 2307 626 2396 accedit,
643 2305 707 2377 sed
726 2307 849 2404 spuria
865 2303 1031 2404 qondam
1049 2319 1085 2376 et
1101 2304 1270 2376 Sallustio

199 2445 392 2519 perperam
414 2419 565 2493 obtrusa
586 2421 739 2506 retinet;
760 2419 870 2492 altera
896 2420 1032 2507 Cortii,
1050 2421 1129 2514 qui,
1150 2417 1270 2489 studio

200 2535 397 2606 adventitia
409 2531 610 2622 resecandi,
625 2533 785 2630 genuina
795 2531 980 2602 interdum
995 2544 1031 2601 et
1041 2556 1124 2604 vere
1139 2531 1270 2601 Sallus-

201 2649 299 2719 tiana
323 2647 461 2719 recidit.
480 2647 642 2718 Medium
661 2661 779 2720 servat
802 2648 870 2718 iter
890 2647 1123 2744 Bipontinus‚
1146 2646 1272 2717 Curtio

201 2776 324 2834 tamen
346 2763 515 2861 propior,
530 2778 567 2834 et
582 2761 748 2860 quaedam
769 2762 846 2858 ipse
866 2761 1004 2832 audens
1025 2785 1103 2831 non
1123 2759 1275 2838 feliciter

202 2877 420 2975 aliquando,
439 2877 497 2948 vel
519 2901 595 2949 non
616 2878 842 2948 necessario:
863 2900 947 2946 nam
969 2901 1036 2974 ego
1055 2875 1204 2975 quidem
1223 2877 1275 2946 sic

203 2995 394 3080 constitui,
415 2991 645 3091 explicanda,
665 3015 742 3062 non
760 2989 985 3062 immutanda
1001 2995 1173 3063 Veterum
1188 2990 1275 3060 scri-

203 3122 278 3206 pta.
299 3115 383 3180 Hsec
403 3109 526 3180 omnia
542 3105 702 3194 contuli,
722 3121 758 3178 et
772 3131 817 3178 ex
838 3107 1003 3203 quinque
1019 3104 1276 3203 antiquissimis
1301 3111 1305 3120 '

198 3222 435 3294 Bibliotheca
453 3223 571 3320 Regiae
588 3220 808 3294 membranis
830 3222 1015 3308 recensui;
1032 3245 1107 3319 qua
1128 3219 1277 3318 diligen·

206 3339 270 3427 tia,
294 3351 432 3410 attente
456 3337 614 3436 legentes
637 3334 873 3436 aestimabuut.
902 3337 1031 3408 Dicere
1059 3336 1144 3407 satis
1169 3331 1278 3407 fuerit

205 3453 298 3525 nihil
314 3479 391 3541 me,
410 3454 563 3524 omnino
586 3451 694 3541 nihil,
717 3451 763 3523 de
788 3476 871 3523 meo
895 3450 1057 3538 dedisse;
1077 3465 1113 3523 et
1135 3451 1278 3549 quoties

206 3568 428 3640 dubitationi
452 3569 554 3669 locus
578 3565 673 3654 luit,
697 3568 876 3638 rationem
907 3565 1066 3644 admissae
1089 3565 1277 3653 lectionis,

208 3685 265 3756 vel
289 3687 327 3754 in
357 3699 461 3772 nota,
483 3682 542 3756 vel
570 3683 608 3754 in
638 3684 863 3755 variantium
897 3667 1041 3754 delectu
1070 3680 1116 3752 ad
1144 3681 1277 3752 calcem

207 3800 361 3895 rejecto,
386 3799 602 3900 exposuisse.
624 3799 682 3872 Sic
700 3798 933 3872 emendatum
951 3795 1064 3868 babes
1083 3795 1279 3892 denuoque
1327 3800 1329 3804 '

210 3918 431 3990 recensitum
459 3929 620 4004 textum,
646 3939 715 3988 nec
744 3913 827 3986 ullis
849 3927 972 3985 tamen
1003 3908 1279 3984 occurrentibus
