2910 4666
525 409 856 478 FRAGMENTA.
1139 405 1209 502 39¹

163 553 196 608 et
210 539 258 608 ire
270 541 413 634 primum
431 540 504 624 via,
524 563 589 634 qua
606 538 842 634 capessundam
858 537 999 611 arbitror
1020 535 1214 609 libertatem.

162 645 279 738 Neque
304 671 357 714 me
378 647 537 740 praeterit,
559 661 696 738 quantas
720 669 800 739 opes
824 642 999 714 nobilitatis
1024 642 1131 731 solus,
1155 646 1215 712 im-

163 737 324 844 potens²⁸‚
345 753 433 820 inani
463 753 569 844 specie
595 753 823 846 magistratum
847 747 968 844 pellere
993 749 1216 818 dominatione

164 857 334 950 incipiam3
352 871 540 951 quantoque
561 859 662 926 tutius
683 857 782 926 factio
804 857 976 926 noxiorum
999 869 1094 950 agat,
1116 879 1216 950 quam

163 961 224 1030 soli
245 964 444 1035 innocentes.
466 962 530 1031 Sed
552 977 670 1056 praetcr
693 987 784 1056 spem
809 962 930 1033 bonam
949 986 989 1030 ax
1010 961 1125 1048 vohis,
1143 985 1216 1054 quae

163 1082 288 1138 mettun
306 1072 402 1154 vicit,
423 1071 520 1138 statui
539 1069 725 1136 certaminis
747 1068 885 1136 advorsa
904 1091 966 1160 pro
985 1065 1134 1136 libertate
1153 1091 1213 1160 po·

162 1174 246 1241 tiora
261 1199 331 1243 esse
344 1175 419 1243 forti
436 1177 526 1260 viro,
540 1197 638 1267 quam
655 1176 789 1242 omnino
803 1197 870 1240 non
888 1173 1072 1241 certavisse.
1089 1172 1214 1260 Quam·

163 1303 261 1371 quam
284 1305 397 1348 omnes
419 1279 486 1364 alii,
505 1281 605 1348 creati
620 1304 681 1374 pro
691 1280 765 1372 jure
783 1293 910 1365 vestro,
922 1279 990 1346 vim
1012 1292 1165 1346 cunctam
1182 1293 1215 1346 et

162 1385 300 1478 imperia
319 1411 395 1474 sua,
410 1387 529 1482 gratia,
549 1400 605 1454 aut
619 1409 693 1480 spe,
709 1399 765 1452 aut
781 1386 936 1480 praemiis,
954 1385 988 1452 in
1001 1405 1060 1452 vos
1075 1408 1214 1452 convor-

163 1503 255 1577 tere3
278 1489 456 1585 meliusque
474 1491 597 1562 habent
621 1490 770 1560 mercede
789 1489 994 1582 delinquere,
1013 1513 1111 1583 quam
1134 1513 1214 1582 gra·
1253 1555 1262 1574 s

163 1597 205 1664 tis
223 1612 311 1666 reete
333 1597 448 1665 facere.
473 1599 588 1689 Itaque
606 1621 720 1664 omnes
740 1619 929 1664 concessere
948 1597 1015 1688 jam
1041 1597 1074 1662 in
1093 1617 1214 1690 pauco·

161 1725 238 1770 rum
259 1701 514 1772 dominationem
522 1697 558 1786 ²⁹,
578 1704 633 1796 qui
652 1727 711 1796 per
728 1699 866 1770 militare
885 1726 1023 1786 nomen,
1045 1702 1217 1789 aerarium,

162 1811 340 1891 exercitus,
356 1831 474 1903 regnu,
492 1809 677 1901 provincias
691 1831 896 1900 occupavere
906 1859 916 1894 ‚
926 1822 959 1878 et
970 1831 1080 1876 arcem
1092 1805 1217 1876 habent

162 1936 204 1980 ex
213 1912 323 2007 spoliis
335 1915 468 1982 vestris:
481 1937 582 2007 quum
595 1915 742 1998 interim,
752 1937 844 1981 more
857 1937 1032 2007 pecorum,
1043 1937 1118 1998 vos,
1130 1910 1215 1980 mul·

161 2019 293 2103 titudo,
321 2018 454 2114 singulis
483 2017 651 2088 habendos
681 2017 900 2112 fruendosque
927 2017 1098 2112 praebetis,
1126 2017 1214 2084 exuti

206 2220 250 2272 sa.
267 2220 392 2290 Inpotem.
403 2218 464 2276 Siue
477 2218 611 2289 potentin
623 2215 669 2268 de·
710 2221 760 2268 uim
776 2235 881 2271 omnem
897 2215 1010 2270 tribunis
1020 2213 1146 2284 eripuisse
1155 2213 1214 2286 syl-

162 2298 234 2352 bilis.
247 2299 317 2352 Nota
327 2299 413 2352 obiter
423 2313 514 2352 rarum
526 2297 597 2350 hunc
612 2315 668 2348 seu·
710 2296 777 2348 lam:
787 2298 907 2366 imperium
920 2307 1007 2346 autem
1019 2311 1154 2364 nunquam
1165 2293 1213 2346 ha·

162 2395 222 2430 sum
247 2377 367 2430 vocabuli
390 2381 509 2448 inpotens.
535 2406 576 2418 -
595 2375 669 2431 Inoni
710 2376 897 2439 bueraut;uec
908 2391 960 2444 spes
970 2371 1077 2443 quidem
1086 2372 1138 2428 illis
1151 2384 1214 2424 tunc

162 2461 240 2527 specio
262 2461 423 2527 unguuntur.
452 2455 584 2521 Quoniam
600 2454 668 2508 nihil
710 2453 997 2524 supererat,praacluso
1010 2450 1043 2504 ad
1054 2452 1118 2504 alios
1128 2451 1215 2504 hono·

158 2536 290 2602 ‚catomo
306 2537 356 2593 uici
371 2553 467 2590 nomen
482 2536 559 2592 inane
572 2551 586 2586 a
597 2533 668 2604 Sylla
710 2552 751 2586 res
767 2531 850 2586 aditu.
868 2564 902 2576 -
917 2530 1023 2594 Gratia,
1043 2542 1087 2582 aut
1101 2551 1155 2602 spa,
1172 2542 1216 2581 aut

162 2615 284 2670 relictum
294 2616 386 2669 luerat.
396 2615 527 2669 —Fuctio
534 2616 666 2666 noxiorum
707 2617 821 2682 premiis.
833 2612 944 2683 Supple,
956 2614 1072 2680 scmupti,
1082 2611 1216 2680 depmvati.

163 2694 258 2757 Nouii,
267 2693 337 2748 idest
346 2730 354 2754 ‚
363 2693 463 2748 nobiles
471 2693 532 2763 ‚qui
542 2693 570 2746 in
581 2692 668 2746 lactio-
753 2712 798 2762 ²9·
817 2693 906 2746 Omnes
919 2709 1049 2744 mutauere
1059 2693 1109 2762 jam
1120 2694 1145 2743 in
1153 2709 1216 2758 pau·

162 2772 668 2844 nemcoslescentespluspossuut‚quam
711 2791 789 2824 norrun
802 2771 993 2824 dominationem.
1011 2769 1112 2822 Eodem
1124 2787 1215 2833 seusu,

161 2854 278 2924 populus
285 2889 293 2916 ‚
300 2855 374 2923 cuijus
385 2851 425 2906 vic
435 2852 519 2907 soluta
530 2863 608 2921 atque
618 2849 669 2904 dis-
711 2869 764 2921 quo
772 2851 918 2904 estitxxt
928 2875 939 2896 ι
948 2849 1104 2920 Respublica
1113 2847 1140 2900 in
1151 2866 1214 2918 pau·

162 2949 238 3003 persa
247 2944 286 2986 est
301 2925 460 3002 (iugulat,
473 2945 525 3000 u.7
536 2927 555 2992 ).
564 2962 601 2972 -
616 2930 671 2984 Soli
711 2948 802 2984 corum
821 2931 863 3001 jus
878 2942 956 3000 atque
969 2926 1097 2981 ditionem
1109 2945 1216 2980 rouces-

163 3015 305 3064 itanooentes.
323 3013 494 3075 innocentes,
508 3011 555 3080 qui
568 3009 627 3071 soli,
640 3007 668 3062 id
710 3009 752 3062 sit.
766 3035 777 3056 n
794 3041 834 3052 -
850 3010 901 3062 Per
916 3009 1018 3061 mititare
1040 3026 1131 3060 nornen.
1159 3005 1214 3058 Sub

163 3103 217 3155 est,
235 3091 334 3146 nullius
346 3090 466 3144 factionis
478 3101 548 3145 aunt.
568 3121 599 3130 -
619 3088 671 3142 Sed
711 3088 797 3159 specie
819 3089 882 3140 belli
908 3085 1031 3140 adversm
1055 3087 1142 3154 hostes
1165 3085 1216 3138 rei·

159 3183 251 3240 praeter
262 3189 327 3241 spen
343 3169 440 3228 mnam,
453 3181 503 3222 etc.
517 3166 548 3226 ld
560 3180 612 3230 est,
622 3167 668 3222 ced
710 3169 822 3238 publicae
836 3165 954 3237 gerendi.
972 3197 1011 3209 -
1026 3166 1114 3218 Arcem
1130 3164 1219 3216 liabent

162 3262 338 3320 panterquam
352 3267 410 3319 spes
424 3248 512 3312 bona,
537 3263 617 3317 quam
634 3244 669 3300 de
711 3266 741 3298 aa
757 3248 838 3316 spolir's
852 3248 948 3298 nestris.
972 3246 1027 3296 Vos
1049 3244 1215 3316 meliorisne,

163 3328 239 3382 voltis
253 3329 384 3399 concepi,
399 3339 500 3380 metum
515 3343 604 3382 meum
625 3344 668 3378 su·
710 3325 762 3378 illis
769 3343 818 3396 pro
825 3325 990 3376 munimento
999 3331 1046 3376 est.
1054 3320 1154 3374 Eadem
1160 3323 1216 3376 lere

163 3409 278 3478 peravita
289 3425 442 3479 persuasum
451 3407 559 3476 iusuper
568 3404 668 3469 habeo,
710 3404 831 3474 pluribus
837 3403 959 3466 cerami
962 3420 1004 3471 ug.
1012 3401 1152 3464 XXXI‚u.
1164 3401 1215 3452 13:

163 3489 253 3558 potius
264 3505 319 3542 esse
334 3487 393 3540 viro
410 3486 473 3538 forti
489 3485 568 3538 etiam
581 3483 669 3536 infeli·
715 3509 726 3530 ι
737 3483 896 3534 Paraeorum
903 3479 1029 3535 occidisse
1036 3479 1157 3534 tribunos
1164 3479 1218 3550 ple·

165 3567 230 3620 citer
241 3584 292 3638 pro
298 3567 418 3618 libertate
429 3563 580 3628 certavisse,
590 3580 669 3632 quam
711 3562 768 3626 bis,
780 3561 824 3612 alii
834 3560 990 3631 quaestiones
1002 3559 1128 3629 injustas,
1139 3558 1219 3628 pleri·

164 3646 275 3700 cannino
294 3663 349 3702 nou
364 3645 510 3698 certavisse.
526 3673 565 3686 -
580 3642 669 3694 Onnes
712 3660 764 3714 que
778 3638 876 3694 caedem
887 3641 915 3692 in
926 3657 974 3692 vos
986 3637 1090 3702 iecisse,
1104 3655 1153 3708 pro
1162 3654 1220 3688 mu·

165 3726 216 3778 atat.
230 3725 319 3780 Ceteri
328 3724 492 3795 magistratus
500 3723 547 3793 qui
556 3733 669 3794 potesta·
711 3721 831 3774 nimenta
841 3719 948 3774 habeut.
964 3718 1004 3770 lta
1015 3734 1093 3788 quam
1106 3715 1220 3788 quisque

166 3817 218 3856 tem
228 3804 301 3875 plebi
309 3802 563 3873 tuenduacceptam
571 3799 669 3854 adeam
712 3817 832 3872 pessum
848 3799 909 3854 tecit
921 3838 930 3866 ,
944 3809 997 3850 tam
1010 3813 1130 3848 maxume
1145 3805 1219 3846 tutus

166 3881 368 3954 opprimendam
381 3894 546 3934 convertunt.
566 3880 624 3934 Hoc
636 3879 671 3934 de
713 3893 760 3934 est.
772 3906 783 3926 ·
793 3877 980 3932 -Multr'tudo.
995 3875 1103 3928 Dictum
1112 3891 1218 3946 perop-

166 3963 226 4016 eolis
241 3962 355 4018 tribunis
367 3961 491 4032 iutelligit
508 3960 615 4030 gallicus
628 3959 670 4012 in-
713 3960 872 4031 positionem
894 3954 1032 4027 sequenti,
1046 3954 1155 4024 singolis.
1177 3983 1218 3995 -

166 4051 266 4114 termes
279 4042 405 4102 Μυκη
427 4037 472 4094 sed
484 4056 540 4094 uon
558 4037 671 4094 suadit
714 4037 853 4091 Habendos.
875 4031 1059 4090 Possideudoa.
1085 4031 1219 4103 Populum

966 4129 1037 4213 αδ*
