2950 4648
222 334 297 430 478
541 334 609 402 AD
636 334 675 402 C.
704 333 959 401 CAESAREM

219 472 407 569 vigilantia,
421 470 532 560 labos,
552 473 640 568 apud
661 476 795 543 Graecos
807 472 897 542 nulla
908 486 1002 542 sunt:
1018 475 1158 568 quippe,
1172 497 1282 568 quum

220 580 310 650 domi
337 579 519 648 libertatem
539 604 631 648 suam
655 603 715 674 per
736 581 887 648 inertiam
913 581 1101 668 amiserint,
1120 605 1283 648 censesne

220 711 335 756 eorum
350 687 521 780 praeceptis
540 688 715 780 imperium
738 685 852 754 haberi
870 684 988 780 posse?
1002 685 1132 780 Reliqui
1146 687 1187 754 de
1207 686 1280 754 fac·

219 794 308 862 tione
325 807 402 860 sunt
419 792 617 866 inertis-sumi
634 790 777 876 nobiles,
793 794 827 860 in
842 791 980 886 quibus,
996 794 1082 861 sicut
1099 794 1133 860 in
1151 805 1280 877 statua,

218 913 338 994 praeter
359 923 495 985 nomen,
518 898 597 966 nihil
616 913 666 969 est
685 885 927 966 additamenti⁴.
950 900 987 966 L.
1011 899 1220 984 Postumiae,
1243 911 1280 966 et

220 1007 267 1074 Μ.
294 989 492 1091 Favonius⁵,
514 1005 595 1074 mihi
616 1005 770 1074 ridentur
788 1005 880 1098 quasi
900 1027 1027 1098 magnae
1051 1005 1143 1072 navis
1162 1027 1278 1098 snper·

220 1135 326 1181 vacua
339 1135 442 1180 onera
460 1135 552 1180 esse:
574 1110 631 1180 ubi
645 1110 726 1180 salvi
743 1135 940 1205 pervenere,
959 1112 1032 1179 usui
1047 1125 1141 1194 sunt3
1157 1111 1183 1179 si
1197 1109 1279 1204 quid

214 1210 348 1288 'adversi
366 1231 517 1287 coortum
532 1231 598 1298 est,
620 1216 661 1286 de
683 1216 744 1286 illis
760 1217 978 1311 potissumum
989 1216 1119 1310 jactura
1132 1215 1188 1302 fit,
1200 1218 1280 1310 quia

220 1326 317 1418 pretii
332 1325 469 1392 minumi
483 1337 569 1392 sunt.

273 1431 315 1498 X.
344 1430 511 1518 Quoniam
535 1454 644 1514 nunc,
670 1430 718 1498 uti
741 1430 822 1498 mihi
847 1430 977 1518 videor,
1002 1429 1043 1498 de
1067 1427 1162 1524 plebe
1182 1453 1279 1498 reno·

219 1536 329 1604 vanda
343 1535 602 1628 corrigendaque
615 1536 753 1604 disserui
770 1563 779 1624 ;
793 1535 833 1604 de
847 1552 980 1624 senatu,
993 1561 1065 1630 quae
1078 1536 1137 1605 tibi
1151 1535 1279 1630 agenda

220 1641 395 1728 videntur,
418 1639 534 1709 dicam.
556 1643 733 1735 Postquam
754 1641 833 1710 milri
852 1657 929 1712 aetas
948 1643 1181 1737 ingeniumque
1199 1641 1279 1710 ado-

220 1746 320 1833 levit,
339 1746 429 1814 haud
448 1745 551 1814 ferme
572 1748 671 1815 annis
686 1761 783 1841 atque
804 1750 895 1842 equis
910 1775 1030 1843 corpus
1047 1750 1198 1835 exercui,
1220 1747 1278 1818 sed

220 1855 368 1922 animum
384 1854 418 1920 in
438 1851 538 1921 literis
552 1855 692 1946 agitavi:
709 1853 797 1947 quod
815 1855 1070 1924 naturafirmius
1089 1869 1175 1942 erat,
1194 1854 1228 1923 id
1244 1855 1277 1922 in

220 1958 388 2028 laboribus
406 1958 516 2027 habui.
533 1961 640 2052 Atque
655 1983 717 2054 ego
736 1961 769 2027 in
786 1985 824 2028 ea
843 1962 928 2047 vita,
946 1960 1049 2056 multu
1068 1959 1206 2055 legendo
1228 1975 1277 2028 at·

151 2091 152 2096 ¹
221 2090 285 2160 que
307 2063 484 2153 audiendo,
506 2067 550 2134 ita
573 2067 733 2160 comperi,
754 2067 865 2134 omnia
879 2091 996 2160 regna,
1014 2068 1093 2136 item
1114 2068 1277 2156 civitates,

221 2173 389 2258 nationes,
410 2197 514 2265 usque
535 2197 575 2240 eo
596 2197 791 2266 prosperum
813 2174 987 2268 imperium
1007 2173 1176 2254 habuisse,
1198 2172 1277 2240 dum

222 2278 310 2372 apud
328 2303 384 2347 eos
397 2301 475 2346 veru
494 2275 650 2347 consilia¹
666 2277 842 2346 valuerunt
856 2305 862 2346 :
877 2279 1076 2372 ubicumque
1095 2281 1218 2374 gratia,
1237 2280 1278 2346 ti·

222 2409 312 2471 mor,
330 2384 483 2478 voluptas
495 2409 534 2452 ea
553 2409 748 2478 corrupere,
767 2399 844 2479 post
859 2383 970 2479 paullo
983 2387 1164 2454 imminutae
1184 2409 1280 2479 opes,

222 2489 340 2559 deinde
360 2490 528 2560 ademtum
552 2491 744 2584 imperium,
770 2491 939 2584 postremo
964 2493 1103 2560 servitus
1124 2493 1278 2585 imposita

222 2612 280 2665 est.
301 2597 463 2690 Equidem
484 2593 566 2691 ego²
585 2597 631 2665 sic
650 2595 738 2692 apud
757 2599 903 2665 animum
922 2621 1033 2666 meum
1052 2611 1163 2668 statuo
1182 2622 1189 2664 :
1209 2597 1279 2664 cui·

228 2809 240 2826 ¹
265 2815 291 2872 4.
312 2807 384 2860 Nihil
392 2818 428 2859 est
437 2807 601 2860 additamenti.
618 2805 727 2859 Addita·
770 2825 826 2864 sem
836 2805 979 2861 secundam
992 2819 1084 2878 ceptus
1097 2819 1124 2860 et
1139 2807 1278 2860 Octavium

224 2900 325 2940 mentem
333 2887 463 2958 intellige,
472 2885 545 2957 quod
555 2884 727 2940 addaturnon
768 2888 841 2958 jussu
856 2887 1009 2942 interfectus
1023 2899 1070 2940 est.
1084 2886 1191 2940 Plutin
1200 2887 1276 2939 Brut.

224 2979 314 3020 statua
324 2967 388 3038 ipsi,
404 2964 450 3022 sed
464 2966 571 3018 lectioni
583 2965 625 3018 cui
639 2966 728 3018 favent
771 2979 797 3018 et
805 2967 833 3020 in
841 2966 933 3038 Pomp.
940 2969 1019 3022 Dion.
1031 2985 1124 3032 xxxix,
1134 2985 1180 3031 u,
1189 2983 1274 3018 xnus.

223 3047 265 3100 isti
277 3047 387 3100 nobiles.
395 3045 492 3099 statuis
502 3045 611 3110 similes,
627 3045 728 3098 nullam
812 3046 877 3100 Cir.
892 3047 927 3101 X.
950 3067 973 3101 1.
983 3047 1058 3099 'Vm
1076 3048 1185 3100 consilia.
1202 3046 1278 3100 Bona

222 3127 276 3180 suis
289 3127 408 3198 partibus
422 3125 595 3178 accessionem
604 3125 671 3190 ,nisi
683 3145 728 3178 va·
770 3138 798 3178 et
811 3127 895 3182 utilia.

222 3226 288 3262 num
302 3223 414 3270 nomen,
430 3207 552 3258 efferunt.
564 3237 604 3248 -
620 3207 649 3257 L.
666 3205 728 3257 Pos·
814 3226 838 3259 n.
855 3207 974 3278 Equidem
986 3219 1105 3276 estete.
1120 3205 1279 3260 niusaltus·

221 3293 318 3342 sumtus.
332 3287 399 3352 Quis
410 3285 454 3340 bic
466 3285 608 3340 lueritnon
617 3297 727 3340 constat.
770 3285 823 3338 tius
844 3305 918 3338 suem
935 3287 1092 3340 sententiam
1108 3285 1142 3339 de
1163 3299 1219 3339 tota
1234 3305 1277 3338 re·

264 3369 290 3421 5.
312 3367 350 3420 Μ.
367 3367 497 3420 Favonim.
523 3367 551 3418 ls
570 3366 669 3435 probus
687 3365 729 3418 vir
770 3365 1276 3438 publicsexponit.Scibquiampliorem

221 3460 294 3514 eret,
315 3465 364 3500 nec
383 3446 486 3500 consilii
501 3465 550 3498 nec
564 3442 729 3498 fortitudinis
770 3443 1226 3518 illustrioremquelocumtcnentin
1237 3447 1276 3498 ci-

223 3547 328 3600 expers,
342 3527 450 3580 Catonis
464 3527 492 3578 in
508 3525 632 3576 omnibus
645 3521 729 3576 admi·
770 3523 852 3577 vitute
874 3525 1010 3596 quolibet,
1032 3525 1062 3578 hi
1084 3526 1197 3578 maxime
1217 3543 1276 3577 eam

130 3635 134 3644 ·
223 3621 311 3674 rator,
324 3603 617 3676 eteousqueeemulus‚
630 3616 728 3656 utres·
771 3605 883 3674 cupiunt
896 3605 993 3658 salvam
1008 3624 1071 3658 esse.
1088 3605 1158 3658 Nem
1171 3605 1275 3676 pericli·

223 3685 448 3754 titumetiumejus
455 3684 603 3747 aflecturets
613 3695 729 3736 ceterum
771 3695 844 3736 tante
852 3685 1000 3755 republica,
1009 3685 1094 3756 plebis
1105 3685 1212 3738 libertas
1219 3696 1275 3738 nn·

224 3766 331 3837 ingenio
346 3765 397 3816 viri
413 3776 516 3816 tentum
530 3763 632 3833 imper,
645 3781 729 3833 quan-
772 3761 1161 3836 tummodo,optimstumvero
1168 3762 1275 3830 divitia,

224 3857 282 3898 tum
297 3863 312 3897 a
329 3856 422 3898 ustura
436 3841 516 3896 distet
529 3841 650 3894 imitatio.
668 3842 729 3894 Rei·
771 3841 867 3908 decus,
880 3843 982 3910 bonor,
991 3844 1188 3916 periclitantem
1202 3842 1274 3896 ideo·

225 3923 730 3994 publicislibertetisquepertessemper
772 3923 1276 3996 quebisemultiplieibuscurislabori·

225 4015 363 4074 sequutus,
379 4015 565 4076 postpuqusm
575 4001 730 4075 Pbilippcn·
771 4001 1277 4077 busquelatiqmuglcrismbonsquesns
