2950 4646
555 407 574 472 J
582 403 847 475 UGURTHA.
1126 347 1135 366 ⁴
1160 403 1237 520 (69λ

166 535 317 631 prestitit
343 534 393 602 uti
418 534 453 602 in
476 536 629 605 omnibus
651 535 743 606 bellis
771 537 867 608 vobis
889 535 1070 606 adessent:
1091 561 1153 606 nos
1181 541 1231 606 uti

169 667 227 736 per
246 644 353 712 otium
371 642 435 710 tuti
453 643 578 732 simus,
604 645 639 711 in
660 667 762 714 manu
787 659 897 714 vestra
922 659 988 732 est,
1010 658 1120 738 patres
1140 669 1232 714 cons·

168 749 273 842 cripti.
285 749 385 818 Pater
394 773 453 818 nos
467 749 551 820 duos
565 749 682 820 fratres
695 750 1004 845 reliquit3tertium,
1016 751 1232 846 Jugurtham,

168 854 336 926 beneficiis
358 857 426 924 suis
448 871 538 926 ratus
556 858 651 927 nobis
669 859 884 951 conjtmctum
905 858 985 927 sore.
1007 857 1100 928 Alter
1117 883 1234 927 eorum

169 977 323 1050 necatus,
342 960 475 1034 alterius
495 967 566 1058 ipse
580 989 642 1059 ego
665 989 782 1034 manus
799 966 917 1059 impias
933 966 991 1032 vix
1009 965 1121 1058 effugi.
1141 964 1234 1053 Quid

168 1067 290 1161 agam?
309 1093 377 1163 quo
399 1071 618 1164 potissumum
637 1068 750 1140 infelix
764 1069 946 1140 accedam?
961 1073 1101 1140 Generis
1122 1073 1233 1165 praesi-

169 1173 221 1242 dia
234 1177 349 1244 omnia
366 1179 527 1248 exstincte
545 1192 644 1246 sunt:
663 1191 777 1270 pater,
790 1179 839 1244 uti
858 1200 990 1246 necesse
1004 1191 1093 1262 erat,
1108 1193 1234 1246 naturae

171 1279 353 1366 concessit,
368 1277 481 1367 fratri,
494 1305 593 1374 quem
613 1283 762 1352 minume
780 1283 910 1370 decuit,
920 1284 1126 1378 propinquus
1137 1281 1160 1307 ¹²
1174 1307 1235 1377 per

170 1382 274 1474 scelus
285 1386 388 1454 vitam
404 1386 546 1481 eripuit:
563 1387 696 1477 affines,
709 1390 849 1478 amicos,
865 1391 1070 1485 propinquos
1089 1403 1234 1476 ceteros,

168 1489 267 1560 alium
291 1489 356 1560 alia
377 1489 487 1562 clades
511 1497 700 1589 oppressit:
720 1498 808 1591 capti
828 1495 870 1564 ab
893 1496 1074 1592 ugurtha,
1094 1520 1171 1590 pars
1200 1498 1235 1564 in

170 1621 303 1668 crucem
324 1600 415 1686 acti,
433 1625 510 1694 pars
531 1601 642 1692 bestiis
669 1603 814 1696 objecti3
840 1605 955 1698 pauci,
979 1603 1098 1698 quibus
1122 1601 1236 1673 relicta

169 1706 298 1792 anima,
318 1704 421 1774 clausi
443 1709 476 1776 in
496 1707 661 1796 tenebris,
679 1734 756 1780 curn
779 1735 922 1780 moerore
940 1725 974 1779 et
995 1709 1110 1799 luctu,
1128 1715 1237 1778 morte'

170 1814 356 1906 graviorem
384 1814 487 1884 vitam
514 1817 657 1909 exigunt.
683 1817 717 1884 Si
739 1803 895 1904 oinnia¹³,
919 1841 993 1912 quae
1017 1831 1075 1886 aut
1100 1818 1193 1886 amisi
1201 1803 1236 1904 ¹⁴,
1264 1827 1267 1832 '

169 1933 226 1986 aut
236 1943 279 1988 ex
291 1923 482 1992 necessariis
496 1921 637 1992 advorsa
651 1922 738 1992 fecta
753 1938 844 2010 sunt,
856 1922 1034 1992 incolumia
1045 1937 1238 2010 manerent3

168 2037 297 2115 nmen,
316 2027 342 2096 si
359 2027 438 2122 quid
457 2053 498 2098 ex
515 2030 695 2123 improviso
717 2029 906 2113 accidisset,
928 2055 988 2098 vos
1009 2027 1237 2123 implorarem,

169 2147 278 2226 patres
302 2137 497 2229 conscripti,
519 2135 658 2229 quibus,
681 2159 744 2229 pro
769 2135 995 2229 magnitudine
1021 2135 1166 2228 imperii,
1184 2137 1238 2228 jus

169 2251 202 2306 et
215 2227 378 2333 injurias¹⁵
388 2267 503 2311 omnes
514 2267 602 2312 curae
616 2267 686 2312 esse
698 2242 801 2312 decet
814 2243 913 2312 Nunc
924 2266 1003 2310 vero
1015 2239 1106 2310 exsul
1117 2243 1238 2335 petria,

170 2343 293 2436 domo,
321 2346 411 2418 solus
429 2363 463 2418 et
483 2351 632 2418 omnium
655 2349 870 2420 honestarum
892 2374 1003 2418 rerum
1026 2371 1147 2442 egens,
1170 2373 1237 2443 quo

170 2455 344 2542 accedero,
362 2469 421 2526 aut
437 2481 521 2549 quos
538 2454 725 2551 appellem?
746 2458 960 2542 nationesne,
981 2480 1024 2524 an
1042 2479 1157 2549 reges,
1181 2455 1238 2548 qui

170 2583 284 2630 omnes
307 2559 436 2632 familie
455 2579 576 2632 nostrae
594 2564 638 2632 ob
655 2579 798 2632 vestram
815 2565 992 2632 amicitiam
1014 2561 1123 2632 infesti
1139 2559 1239 2632 sunt?

170 2689 212 2734 an
233 2693 402 2762 quoquam
420 2669 511 2738 adire
530 2668 626 2758 licet,
646 2671 703 2740 ubi
724 2697 793 2739 non
815 2671 978 2764 majorum
996 2695 1147 2738 meorum
1166 2669 1239 2738 hos·

172 2771 236 2840 tilia
250 2790 466 2842 monumenta
477 2761 501 2800 ¹⁶
517 2776 658 2872 plurimu
681 2776 769 2846 sint?
786 2791 844 2845 aut
860 2780 1034 2872 quisquam
1058 2777 1161 2846 nostri
1178 2777 1237 2845 mi-

215 3006 257 3040 ra.
269 2987 370 3049 Fratri,
386 3007 454 3059 quem
472 2991 566 3040 minime
588 2989 681 3052 decuit,
726 2988 842 3061 denique
857 2989 1121 3062 regnumipsume·
1133 2988 1195 3058 Qum
1207 3007 1239 3038 ec

169 3071 323 3139 propinquus.
340 3065 416 3120 Ordo
431 3081 485 3120 est:
500 3069 681 3140 Propinquus,
726 3073 864 3122 incessantis
881 3069 983 3122 advorsa
997 3071 1150 3136 factasunt.
1177 3069 1238 3139 Ipse

173 3163 249 3214 quem
265 3147 375 3202 minime
394 3147 483 3200 decuit
500 3145 618 3210 (scilicet
632 3149 684 3201 hoc
726 3149 872 3220 Iugurtha3
883 3150 941 3220 qui,
955 3168 1038 3220 quum
1046 3147 1190 3200 Adherbali
1202 3167 1241 3198 re·

174 3223 371 3294 facere)‚sratri
382 3229 463 3280 vitam
476 3228 583 3298 eripuit.
727 3231 854 3294 marito,
867 3229 885 3280 i.
901 3248 923 3280 e.
944 3241 1045 3282 nature
1059 3227 1171 3280 vinculis
1181 3247 1238 3280 con·

215 3307 258 3360 13.
274 3307 306 3360 Sa·
317 3313 410 3370 omnia,
432 3321 475 3360 etc.
492 3308 592 3379 Incipit
606 3327 684 3379 argu·
727 3327 800 3360 naeus
816 3303 976 3368 (necessarius
993 3308 1065 3360 euim
1080 3327 1112 3360 ex
1130 3301 1238 3370 nectere)

175 3400 292 3439 mentum
302 3388 428 3440 asertiori
436 3426 443 3452 ‚
452 3391 527 3458 cujus
536 3389 617 3440 altera
625 3407 684 3460 pers
728 3399 806 3451 esset,
817 3387 842 3440 ei
853 3385 977 3438 adversus
988 3400 1014 3438 et
1025 3387 1147 3438 inimicus
1157 3387 1239 3438 lactus

175 3479 294 3532 est,nw2c
300 3487 359 3518 vero
365 3469 441 3520 ersul.
451 3468 684 3539 Etiamsi,inquit,
728 3480 774 3520 est.
791 3467 890 3518 Plurali
903 3485 1016 3518 numero
1029 3477 1056 3517 et
1068 3465 1182 3516 neutrali
1196 3484 1240 3535 ge-

176 3563 220 3598 nec
236 3567 335 3618 regno,
349 3567 398 3602 nec
415 3549 537 3603 omnibus
555 3547 685 3619 presidiis
728 3547 898 3612 mentitur,
909 3545 1243 3616 quiasieinceperet.Prae·

176 3627 604 3694 orbatusessemamenadversue
612 3647 687 3698 quas·
729 3623 1240 3698 tereasiclatiuspaterevideturoretio.

177 3703 237 3760 libet
248 3708 374 3778 miserias,
386 3709 408 3760 si
422 3727 480 3778 que
496 3729 527 3760 ex
541 3708 686 3779 improviso
773 3707 817 3759 15.
828 3707 874 3758 lus
886 3720 910 3758 et
924 3710 1032 3777 cnjurias.
1046 3705 1111 3769 lus,
1120 3718 1150 3756 ut
1163 3723 1241 3758 suurn

177 3785 338 3854 acciderent,
351 3807 397 3841 vos
413 3787 590 3860 implorarem.
609 3788 687 3842 Nunc
729 3787 825 3858 cuique
838 3799 956 3840 constet:
970 3786 1096 3857 injurias,
1108 3797 1139 3836 ut
1156 3781 1242 3838 vindi·

177 3882 272 3935 quanto
285 3869 368 3938 magis
378 3867 463 3921 debeo
476 3888 522 3921 vos
532 3869 686 3940 implorare,
730 3880 832 3920 centur.

177 3947 233 3998 exul
248 3961 276 4002 et
289 3948 414 4018 omnihus
428 3949 524 4020 egeus?
775 3951 818 4000 16.
840 3947 949 4000 Hostilia
968 3958 1125 3998 monumenta.
1142 3945 1240 3998 Monu-

217 4033 261 4090 14.
277 4027 348 4098 Quoe.
358 4070 364 4081 .
374 4069 381 4082 .
390 4070 396 4082 .
405 4032 482 4082 amisi.
498 4023 585 4082 Scilic.
598 4041 685 4100 pater,
730 4041 818 4081 mente
830 4029 977 4092 bellorum,
989 4044 1047 4097 quae
1058 4025 1096 4080 ihi
1107 4045 1157 4098 pro
1166 4026 1241 4080 vobi·

177 4103 254 4162 trater
263 4144 272 4176 ,
288 4108 396 4176 affines,
411 4107 505 4177 amici,
524 4109 686 4181 propinqui,
730 4121 866 4180 gesseruut
878 4109 990 4178 majores
1005 4105 1064 4160 mei.
1181 4117 1184 4124 ’
