2950 4648
539 379 869 450 FRAGMENTA.
1154 379 1223 466 461

178 508 313 580 ,fuxifiis
331 509 448 580 deinde
465 513 659 601 contractis,
674 537 776 607 quum
790 511 939 607 quadam
951 534 1018 580 non
1030 511 1233 608 improspere

179 617 346 712 gessisset,
364 631 478 686 contra
498 643 623 687 morem
644 619 763 688 fiducia
776 619 888 714 augeri
903 619 1060 686 Romanis
1076 633 1110 686 et
1126 622 1248 713 promis

177 721 290 818 lingua
303 725 403 818 coepit
417 749 424 791 :
440 749 506 818 quo
521 725 677 794 Vatinius
690 739 806 794 contra
821 737 1001 819 spectatam
1020 749 1088 793 rem
1102 727 1233 794 incaute

179 843 304 919 motus,
317 853 422 899 novos
442 832 689 926 incognitosque
709 845 741 900 et
762 831 901 900 aliorum
922 820 1050 900 casibus
1067 830 1235 925 perculsos

180 933 298 1005 milites
317 935 408 1005 ducit
425 950 536 1007 tamen
554 935 596 1006 ad
616 951 724 1008 castra
745 937 959 1032 fugitivorum
978 961 1091 1032 presso
1113 938 1235 1032 gradu;

181 1039 314 1111 silentes
340 1041 433 1135 jam,
460 1067 566 1137 neque
592 1058 660 1113 tam
691 1043 865 1138 magnifice
894 1058 1059 1112 sumentes
1088 1043 1236 1138 praelium

182 1171 281 1241 quam
305 1147 559 1243 postulaverant.

235 1256 330 1324 VIII.
351 1256 401 1323 At·
416 1253 544 1350 fugitivi
564 1257 743 1325 certamine
766 1253 891 1337 consilii
911 1257 997 1324 inter
1021 1278 1056 1324 se
1073 1256 1167 1349 juxta
1187 1281 1236 1325 se·

184 1359 341 1429 ditionem
369 1375 482 1449 erant,
513 1364 615 1432 Crixo
643 1377 677 1430 et
706 1363 811 1456 gentis
835 1361 981 1454 ejusdem
1008 1359 1111 1431 Gallis
1140 1377 1238 1456 atque

185 1467 361 1536 Germanis
375 1467 507 1536 obviam
520 1470 567 1537 ire
584 1481 618 1537 et
634 1467 722 1536 ultro
734 1491 879 1562 pugnam
891 1467 1012 1537 offerre
1024 1467 1237 1562 cupientibus.

185 1573 312 1640 Contra
320 1575 478 1678 Spartacq
491 1573 655 1643 dimittere
666 1597 739 1668 quae
752 1573 913 1642 haberent
926 1598 944 1642 e
959 1572 1034 1642 loco
1048 1574 1241 1662 commoda,

185 1691 236 1765 et,
251 1703 350 1771 quam
364 1680 493 1775 integro
509 1682 656 1749 exercitu
675 1693 862 1774 sperarent,
882 1703 959 1748 cum
977 1679 1123 1775 periculo
1139 1681 1242 1751 victo·

186 1786 270 1852 riam
287 1809 433 1880 quaerere
458 1810 525 1854 non
546 1784 705 1880 placebat.
729 1787 807 1874 Quo
833 1785 950 1854 deinde
971 1785 1087 1854 ordine
1109 1810 1147 1855 ac
1170 1786 1243 1856 loco

188 1913 240 1960 res
260 1915 464 1986 unaquaeque
486 1905 576 1987 gesta
595 1895 652 1979 sit,
668 1894 793 1962 amissis
807 1915 879 1986 quae
897 1892 938 1960 de
955 1891 1020 1961 hoc
1041 1891 1128 1961 bello
1150 1907 1244 1961 erant

189 1997 336 2090 proditu,
357 2023 424 2066 non
438 1998 545 2066 babeo
566 1998 684 2066 dicere.
706 1997 793 2066 Illud
811 2011 938 2066 certum
956 1986 1069 2091 utique
1087 1998 1245 2084 habetur,

189 2101 300 2172 multis
320 2103 438 2197 praeliis
460 2108 584 2172 victum
603 2127 623 2170 a
643 2105 801 2197 Spartaco
815 2104 988 2172 Varinium
1007 2127 1093 2190 esse,
1112 2118 1146 2172 et
1163 2104 1246 2174 adeo

191 2233 277 2304 segre
299 2208 463 2304 elapsum,
483 2225 522 2278 ut
540 2233 661 2303 equum
684 2207 769 2277 iilius
789 2208 983 2302 lictoresque
1007 2233 1083 2278 cum
1105 2209 1246 2280 fascibus

191 2329 225 2384 et
247 2316 427 2410 insignibus
453 2317 661 2410 magistratus
685 2313 728 2382 ad
751 2317 945 2409 Spartacum
976 2314 1107 2408 fugitivi
1128 2315 1249 2385 detule-

193 2423 277 2508 rint,
290 2423 409 2515 quibus
432 2424 529 2491 etiam
550 2435 664 2516 postea
685 2445 764 2489 usus
782 2433 832 2489 est
840 2405 862 2488 ⁶.

138 2535 142 2545 ”
240 2530 306 2596 tx.
327 2527 454 2596 Eodem
480 2541 630 2622 tempore
651 2551 754 2622 quum
776 2525 861 2595 forte
881 2525 1059 2621 praeclusus
1084 2551 1103 2596 a
1122 2523 1157 2597 P.
1182 2531 1250 2598 Va·

196 2633 280 2702 rinio
301 2635 477 2728 Spartacus
502 2633 632 2721 fuisset,
658 2635 776 2727 insigni
803 2646 875 2701 astu
900 2632 1029 2727 elapsus
1054 2649 1112 2702 est.
1136 2635 1250 2723 Quum

195 2741 282 2808 enim
303 2740 456 2835 operibus
478 2739 622 2809 hostium
642 2743 675 2808 in
696 2754 825 2808 arctum
847 2741 952 2808 coacti
974 2753 1082 2808 essent
1105 2739 1252 2834 fugitivi,

196 2847 399 2940 consumptis
409 2847 477 2940 jam
491 2845 671 2934 alimentis,
692 2871 753 2915 neo
768 2845 1051 2942 suppeditantibus
1063 2871 1102 2915 en
1117 2849 1251 2942 propin-

197 2975 279 3045 quo,
303 2951 447 3021 mcunda
463 2949 572 3047 vigilia
591 2953 702 3022 cuncti
719 2951 949 3046 egrediuntur,
968 2951 1082 3021 relicto
1099 2952 1258 3022 buccina,

200 3071 270 3127 tore
293 3058 478 3146 incastris,
505 3072 538 3126 et
560 3059 602 3128 ad
623 3056 807 3152 vigiliarum
826 3061 969 3152 speciem
992 3053 1110 3152 procui
1137 3062 1255 3128 visenti
1364 3134 1366 3143 ,

199 3163 426 3251 cadaveribus,
446 3189 519 3258 quae
539 3179 710 3233 erexerant
726 3162 808 3233 fulta
826 3163 927 3258 palis,
946 3188 1005 3259 per
1020 3164 1149 3232 modica
1162 3168 1257 3234 inter

200 3269 286 3339 valla
308 3285 383 3340 ante
408 3284 537 3366 portam
563 3270 643 3338 fixis.
670 3273 719 3337 Ea
740 3283 831 3337 veste
854 3283 952 3362 atque
974 3271 1074 3338 armis
1097 3269 1257 3339 adornata

201 3401 303 3470 quum
321 3403 381 3472 per
399 3375 568 3462 tenebras,
587 3389 643 3443 aut
661 3373 761 3443 dubia
782 3373 891 3442 adhuc
907 3372 997 3460 luce,
1016 3375 1093 3443 satis
1108 3389 1257 3471 tegerent

203 3481 370 3570 fraudem,
391 3498 424 3552 et
444 3509 503 3578 per
521 3497 589 3552 tota
606 3495 713 3550 castra
733 3481 824 3574 ignes
846 3478 1066 3568 collucerent,
1085 3479 1179 3551 facile
1202 3483 1259 3551 de-

204 3603 318 3683 ceptus
334 3589 437 3659 hostis
450 3605 515 3676 est,
533 3603 570 3658 ut
585 3587 701 3657 eodem
719 3587 828 3655 adhuc
841 3583 915 3655 loeo
932 3586 1086 3681 fugitivos
1101 3611 1172 3656 esse
1193 3614 1259 3658 cre·

204 3693 304 3764 deret.
318 3695 425 3764 Multa
443 3695 576 3764 demum
594 3693 651 3762 lux
668 3694 797 3788 aperuit
813 3693 891 3787 quid
910 3708 1021 3762 actum
1039 3707 1140 3782 esset,
1156 3697 1258 3764 missi·

205 3825 268 3894 que
294 3817 372 3870 sunt
391 3803 532 3896 equites,
552 3803 609 3896 qui
629 3801 766 3896 vestigia
792 3802 940 3894 Spartaci
962 3813 1207 3890 scrutarentur,
1227 3816 1261 3874 et

248 4014 275 4064 6.
296 4011 367 4066 Plut.
385 4043 425 4056 -
447 4011 560 4084 Appiau.
582 4041 622 4054 -
642 4008 712 4062 Hor.
