2938 4654
171 347 246 420 286
408 348 446 416 C.
475 347 664 416 CRISPI
699 347 1002 418 SALLUSTII

168 484 257 550 Nam
278 505 318 549 ex
338 494 476 575 parente
494 503 588 567 meo,
602 494 636 547 et
650 504 690 548 ex
708 477 778 547 aliis
796 479 920 550 sanctis
939 479 1020 546 viris
1042 479 1088 545 ita
1106 477 1241 570 accepi,

167 588 347 657 munditias
369 585 581 674 mulieribus,
594 588 674 654 viris
689 585 837 655 laborem
855 587 1051 672 convenire;
1066 583 1239 653 omnibus-

167 721 232 790 que
254 696 350 764 bonis
371 707 527 789 oportere
548 692 622 789 plus
645 692 886 788 gloriae,quam
904 692 1112 774 divitiarum3
1131 713 1241 774 arma,

167 827 236 872 non
253 800 534 898 suppellectilem,
552 800 665 870 decori
685 825 764 870 esse.
784 799 878 888 Quin
895 824 995 894 ergo,
1017 797 1108 894 quod
1121 797 1240 890 juvat,

167 909 256 1003 quod
280 933 395 979 carum
417 923 616 996 aestumant,
638 907 671 976 id
693 931 824 1002 semper
851 906 997 976 faciant:
1020 917 1154 991 ament,
1175 927 1240 996 po-

167 1015 284 1085 tent³¹·:
299 1017 355 1086 uhi
369 1014 629 1086 adolescentiam
652 1015 820 1098 habuere,
838 1013 883 1081 ihi
899 1025 1102 1082 senectutem
1121 1024 1241 1105 agant,

167 1123 202 1190 in
224 1125 404 1210 conviviis,
423 1123 524 1192 dediti
542 1123 650 1191 ventri
672 1137 706 1190 et
724 1121 933 1216 turpissumae
955 1121 1042 1214 parti
1068 1119 1239 1211 corporis:

167 1229 340 1317 sudorem,
353 1229 524 1326 pulverem
538 1283 547 1316 ,
562 1243 596 1298 et
610 1227 674 1297 alia
687 1227 765 1296 talia
783 1226 973 1321 relinquant
993 1225 1104 1312 nobis,
1117 1223 1240 1318 quibus

166 1334 220 1404 illa
243 1336 348 1432 epulis
366 1336 566 1430 jucundiora
588 1349 673 1404 sunt.
690 1337 818 1404 Verum
836 1347 975 1402 nonest
995 1335 1063 1402 ita:
1082 1355 1160 1400 nam
1181 1329 1240 1397 ubi

166 1467 201 1512 se
220 1444 375 1512 omnibus
398 1443 530 1538 flagitiis
549 1441 791 1512 dedecoravere
811 1441 1004 1536 turpissumi
1025 1441 1106 1525 viri,
1128 1437 1239 1506 bono-

167 1574 242 1616 rum
267 1551 402 1643 praemia
422 1565 575 1646 ereptum
603 1563 691 1617 eunt.
716 1551 769 1616 Ita
798 1549 1020 1642 injustissume
1041 1541 1172 1614 luxuria
1206 1557 1239 1612 et

166 1657 313 1750 ignavia,
331 1681 494 1750 pessumae
513 1670 616 1744 artes,
638 1654 721 1741 illis,
743 1655 800 1750 qui
819 1652 951 1725 coluere
971 1677 1044 1741 cas,
1063 1650 1144 1720 nihil
1162 1649 1239 1719 offi-

167 1765 275 1846 ciunt3
292 1761 480 1856 reipublicae
496 1763 637 1832 innoxiae
652 1761 736 1831 cladi
752 1775 837 1832 sunt.
855 1763 956 1831 Nunc
974 1761 1133 1856 quoniam
1153 1756 1240 1846 illis,

167 1883 329 1963 quantum
352 1873 461 1938 mores
489 1871 577 1954 mei,
607 1895 676 1939 non
698 1867 829 1938 illorum
861 1867 1011 1964 flagitia,
1036 1865 1239 1962 poscebant,

167 1975 323 2070 respondi
341 2002 351 2064 3
383 2000 489 2071 pauca
511 1975 553 2045 de
580 1974 751 2072 republica
771 1975 897 2071 loquar.
921 1977 1068 2044 Primum
1090 1974 1242 2042 omnium

167 2082 209 2151 de
223 2083 378 2153 Numidia
397 2083 521 2153 bonum
541 2084 697 2153 habetote
712 2087 878 2170 animum,
892 2083 1049 2170 Quirites.
1064 2081 1153 2150 Nam
1166 2103 1241 2174 quae

167 2189 288 2259 adhoc
307 2204 437 2287 tempus
454 2193 473 2261 J
476 2192 655 2287 ugurtham
672 2205 778 2260 tutata
791 2204 883 2276 sunt,
897 2191 1011 2258 omnia
1032 2187 1241 2270 removistis,

166 2299 358 2386 avaritiam,
370 2299 587 2394 imperitiam,
606 2295 840 2393 superbiam'².
861 2295 991 2365 Deinde
1013 2295 1177 2364 exercitus
1194 2291 1241 2361 ibi

166 2417 229 2492 est,
244 2403 394 2474 locorum
414 2408 536 2494 sciens,
550 2404 607 2474 sed
627 2403 816 2474 mehercule
834 2404 940 2498 magis
954 2417 1123 2489 strenuus,
1138 2421 1239 2494 quam

166 2509 266 2602 felix3
285 2537 364 2580 nam
393 2537 514 2607 magna
541 2536 618 2606 pars
640 2512 799 2598 avaritia,
819 2524 877 2578 aut
903 2511 1089 2578 temeritate
1114 2507 1238 2576 ducum

165 2721 231 2776 dum
254 2735 293 2775 est
311 2725 416 2782 oesdmo,
437 2720 484 2774 sed
501 2721 621 2794 possideo.
638 2752 680 2765 —-·
723 2720 819 2774 iisdem
837 2733 915 2792 agant
934 2733 1115 2784 senectutem
1137 2719 1193 2772 scil.
1207 2719 1237 2772 in

167 2803 290 2855 Villium.
312 2802 425 2854 Villicus
445 2814 501 2854 erat
523 2821 613 2854 servus
633 2819 679 2854 oo·
724 2800 1237 2871 conviviis,etc.-Sudompulsmm..

165 2881 251 2936 lendis
267 2881 335 2952 agris
349 2893 376 2935 et
395 2879 610 2934 administrandae
628 2881 679 2933 vil·
724 2883 860 2954 relinquant
872 2881 947 2933 nolis.
966 2879 1067 2945 idest,
1085 2907 1097 2927 ·
1108 2879 1171 2932 Nou
1184 2879 1238 2933 illis

164 2963 197 3016 las
223 2961 399 3034 praepositus,
429 2949 594 3032 dominoque
629 2979 679 3014 suo
724 2961 874 3015 invidemus
886 2959 1081 3025 suasdelioias3
1093 2958 1140 3014 sed
1152 2960 1238 3012 nelo·

165 3044 302 3096 fructuum
322 3041 442 3093 omnium
465 3041 596 3094 rationem
616 3040 678 3094 red·
722 3041 831 3095 videant
849 3041 927 3094 nobie
945 3041 1010 3094 belli
1028 3040 1147 3098 labores,
1169 3057 1238 3112 quos

164 3121 239 3176 dens.
258 3151 299 3164 -
314 3121 378 3191 Quas
397 3121 455 3173 mitt
477 3121 543 3173 lubet
561 3119 677 3192 confiteri.
722 3120 824 3176 deliciis
832 3121 957 3174 omnibus
966 3122 1160 3193 anteponimus.
1172 3120 1239 3172 Illo·

164 3199 678 3269 Quaenoucouliteorsolum,sedliben·
721 3221 782 3256 rum
804 3199 924 3256 conditio
941 3215 1048 3272 estpcr
1063 3201 1195 3254 lumniam
1211 3211 1239 3253 et

165 3296 214 3346 ter,
236 3295 266 3335 ut
281 3299 338 3334 rem
358 3282 516 3353 gloriosam,
538 3281 676 3336 confiteor.
722 3283 872 3354 voluptates
893 3293 997 3334 etatem
1018 3299 1110 3353 agere3
1130 3293 1238 3347 noem,

164 3395 205 3408 -·-
217 3363 314 3416 Sanctis
325 3365 394 3415 νὶνιὶτ.
409 3362 519 3417 Sanctis
528 3360 627 3417 dicitur
635 3364 678 3416 vir
722 3363 750 3415 iu
773 3363 864 3416 castris
883 3362 1021 3428 laborare,
1043 3359 1153 3426 sudare,
1175 3361 1239 3434 pul·

164 3443 193 3497 in
208 3444 281 3496 omni
295 3443 426 3496 virtutum
437 3461 533 3516 genere
544 3443 678 3517 perlectus
723 3459 783 3496 sere
801 3441 923 3496 sordidos
937 3459 1001 3495 esse·
1018 3441 1071 3495 Sua
1085 3454 1156 3495 sorte
1171 3459 1241 3494 con·

165 3537 191 3577 et
205 3523 348 3576 absolutus.
722 3523 788 3576 tenti
812 3524 883 3588 sint,
906 3535 937 3576 ut
956 3541 1006 3574 nos
1026 3535 1125 3575 nostra.
1142 3547 1154 3568 ι
1178 3520 1238 3574 Hoc

208 3621 254 3656 nr.
265 3605 366 3663 Ament,
376 3615 469 3672 potent.
481 3601 521 3656 Sc.
533 3603 675 3656 luxuriose.
721 3621 803 3676 quam
817 3602 948 3656 invidiose
960 3601 1064 3656 dictum
1073 3602 1108 3655 sit
1119 3601 1149 3654 in
1160 3601 1239 3654 nobi·

163 3683 265 3738 Eodem
284 3680 365 3736 modo
385 3679 454 3735 dixit
471 3682 500 3734 in
520 3683 600 3736 Catil.
615 3683 675 3736 xl:
720 3684 771 3745 les,
790 3683 867 3736 facile
882 3682 1047 3754 intelligitur.

168 3791 179 3812 ι
195 3765 238 3817 Ibi
250 3763 365 3816 insuevit
378 3761 507 3816 exereitus
520 3763 616 3835 populi
631 3779 676 3814 ro·
766 3784 810 3818 aa.
825 3763 1239 3834 Avaritiam,imperitiam,soper·
1258 3803 1272 3827 ,

164 3846 237 3900 mani
250 3861 354 3909 amare,
368 3853 460 3914 potare
476 3855 526 3895 etc.
540 3867 551 3890 ι
571 3875 612 3886 -
629 3841 679 3894 Ubi
722 3844 793 3898 ὂίαηι.
808 3843 907 3897 Tribus
922 3843 964 3895 his
977 3842 1066 3895 verbis
1079 3854 1132 3896 tm
1150 3843 1237 3914 impe·

164 3926 346 3977 adolescentiam
358 3923 468 3976 habuere.
478 3921 511 3975 In
523 3923 620 3994 quihus
633 3939 676 3975 ar·
721 3937 822 3977 ratores
846 3934 946 3976 notat:
967 3925 1081 3985 auritio,
1105 3921 1238 3987 Bestiam

164 4005 235 4058 tibus
249 4003 453 4058 adolescentiam
467 4015 632 4074 transegere,
647 4003 677 4054 iu
722 4007 852 4075 imperius,
862 4002 991 4058 Albinum
1000 4019 1008 4070 ;
1017 4001 1128 4074 smerdis
1140 4001 1237 4057 Metel·
