<?xml version="1.0" encoding="UTF-8"?>
<!DOCTYPE html PUBLIC "-//W3C//DTD XHTML 1.0 Transitional//EN"
    "http://www.w3.org/TR/xhtml1/DTD/xhtml1-transitional.dtd">
<html xmlns="http://www.w3.org/1999/xhtml" xml:lang="en" lang="en">
 <head>
  <title>
</title>
<meta http-equiv="Content-Type" content="text/html;charset=utf-8" />
  <meta name='ocr-system' content='tesseract 3.04.00' />
  <meta name='ocr-capabilities' content='ocr_page ocr_carea ocr_par ocr_line ocrx_word'/>
</head>
<body>
  <div class='ocr_page' id='page_1' title='image "./caiuscrispussal01sallgoog_0416.png"; bbox 0 0 2910 4666; ppageno 0'>
   <div class='ocr_carea' id='block_1_1' title="bbox 260 387 1065 476">
    <p class='ocr_par' dir='ltr' id='par_1_1' title="bbox 260 387 1065 476">
     <span class='ocr_line' id='line_1_1' title="bbox 260 387 1065 476; baseline -0.001 -15"><span class='ocrx_word' id='word_1_1' title='bbox 260 387 334 476; x_wconf 73' lang='lat'><strong>348</strong></span> <span class='ocrx_word' id='word_1_2' title='bbox 513 395 551 464; x_wconf 90' lang='lat' dir='ltr'><strong>C.</strong></span> <span class='ocrx_word' id='word_1_3' title='bbox 580 393 761 464; x_wconf 86' lang='lat' dir='ltr'>CRISPI</span> <span class='ocrx_word' id='word_1_4' title='bbox 789 393 1065 464; x_wconf 82' lang='lat' dir='ltr'><strong>SALLUSTII</strong></span> 
     </span>
    </p>
   </div>
   <div class='ocr_carea' id='block_1_2' title="bbox 255 519 1316 1659">
    <p class='ocr_par' dir='ltr' id='par_1_2' title="bbox 255 519 1316 1466">
     <span class='ocr_line' id='line_1_2' title="bbox 257 519 1315 620; baseline -0.001 -29"><span class='ocrx_word' id='word_1_5' title='bbox 257 523 408 611; x_wconf 87' lang='lat' dir='ltr'><strong>nomine,</strong></span> <span class='ocrx_word' id='word_1_6' title='bbox 424 523 663 597; x_wconf 79' lang='lat' dir='ltr'><strong>dominationes</strong></span> <span class='ocrx_word' id='word_1_7' title='bbox 683 523 903 614; x_wconf 77' lang='lat' dir='ltr'><strong>affectabant3</strong></span> <span class='ocrx_word' id='word_1_8' title='bbox 920 527 1064 620; x_wconf 87' lang='lat' dir='ltr'><strong>bonique</strong></span> <span class='ocrx_word' id='word_1_9' title='bbox 1082 537 1117 593; x_wconf 90' lang='lat' dir='ltr'><strong>et</strong></span> <span class='ocrx_word' id='word_1_10' title='bbox 1134 519 1213 592; x_wconf 90' lang='lat' dir='ltr'><strong>mali</strong></span> <span class='ocrx_word' id='word_1_11' title='bbox 1230 523 1315 591; x_wconf 80' lang='lat' dir='ltr'><strong>cives</strong></span> 
     </span>
     <span class='ocr_line' id='line_1_3' title="bbox 257 629 1315 730; baseline 0 -34"><span class='ocrx_word' id='word_1_12' title='bbox 257 629 435 724; x_wconf 89' lang='lat' dir='ltr'><strong>appellati,</strong></span> <span class='ocrx_word' id='word_1_13' title='bbox 450 657 518 702; x_wconf 90' lang='lat' dir='ltr'><strong>non</strong></span> <span class='ocrx_word' id='word_1_14' title='bbox 536 633 579 703; x_wconf 89' lang='lat' dir='ltr'><strong>ob</strong></span> <span class='ocrx_word' id='word_1_15' title='bbox 601 635 718 703; x_wconf 88' lang='lat' dir='ltr'><strong>merita</strong></span> <span class='ocrx_word' id='word_1_16' title='bbox 735 635 769 703; x_wconf 92' lang='lat' dir='ltr'><strong>in</strong></span> <span class='ocrx_word' id='word_1_17' title='bbox 786 633 1042 730; x_wconf 79' lang='lat' dir='ltr'><strong>rempublicam,</strong></span> <span class='ocrx_word' id='word_1_18' title='bbox 1061 630 1214 702; x_wconf 91' lang='lat' dir='ltr'><strong>omnibus</strong></span> <span class='ocrx_word' id='word_1_19' title='bbox 1232 630 1315 723; x_wconf 83' lang='lat' dir='ltr'><strong>pan&#39;·</strong></span> 
     </span>
     <span class='ocr_line' id='line_1_4' title="bbox 257 737 1316 836; baseline 0 -33"><span class='ocrx_word' id='word_1_20' title='bbox 257 749 308 804; x_wconf 89' lang='lat' dir='ltr'><strong>ter</strong></span> <span class='ocrx_word' id='word_1_21' title='bbox 330 740 510 834; x_wconf 84' lang='lat' dir='ltr'><strong>corruptis3</strong></span> <span class='ocrx_word' id='word_1_22' title='bbox 532 741 590 810; x_wconf 87' lang='lat' dir='ltr'><strong>sed</strong></span> <span class='ocrx_word' id='word_1_23' title='bbox 609 743 657 810; x_wconf 86' lang='lat' dir='ltr'><strong>uti</strong></span> <span class='ocrx_word' id='word_1_24' title='bbox 680 743 817 836; x_wconf 89' lang='lat' dir='ltr'><strong>quisque</strong></span> <span class='ocrx_word' id='word_1_25' title='bbox 839 740 1127 836; x_wconf 86' lang='lat' dir='ltr'><strong>locupletissumus</strong></span> <span class='ocrx_word' id='word_1_26' title='bbox 1145 752 1179 807; x_wconf 92' lang='lat' dir='ltr'><strong>et</strong></span> <span class='ocrx_word' id='word_1_27' title='bbox 1200 737 1316 831; x_wconf 84' lang='lat' dir='ltr'><strong>injuria</strong></span> 
     </span>
     <span class='ocr_line' id='line_1_5' title="bbox 258 840 1314 943; baseline 0 -34"><span class='ocrx_word' id='word_1_28' title='bbox 258 840 416 932; x_wconf 91' lang='lat' dir='ltr'><strong>validior,</strong></span> <span class='ocrx_word' id='word_1_29' title='bbox 434 847 510 939; x_wconf 88' lang='lat' dir='ltr'><strong>quia</strong></span> <span class='ocrx_word' id='word_1_30' title='bbox 524 849 697 942; x_wconf 75' lang='lat' dir='ltr'><strong>prasentia</strong></span> <span class='ocrx_word' id='word_1_31' title='bbox 711 848 928 938; x_wconf 85' lang='lat' dir='ltr'><strong>defendebat,</strong></span> <span class='ocrx_word' id='word_1_32' title='bbox 945 873 1007 943; x_wconf 91' lang='lat' dir='ltr'><strong>pro</strong></span> <span class='ocrx_word' id='word_1_33' title='bbox 1019 847 1112 918; x_wconf 88' lang='lat' dir='ltr'><strong>bono</strong></span> <span class='ocrx_word' id='word_1_34' title='bbox 1123 843 1314 914; x_wconf 76' lang='lat' dir='ltr'><strong>ducebatur.</strong></span> 
     </span>
     <span class='ocr_line' id='line_1_6' title="bbox 257 949 1316 1050; baseline 0.001 -33"><span class='ocrx_word' id='word_1_35' title='bbox 257 949 309 1017; x_wconf 87' lang='lat' dir='ltr'><strong>Ex</strong></span> <span class='ocrx_word' id='word_1_36' title='bbox 320 974 386 1043; x_wconf 85' lang='lat' dir='ltr'><strong>quo</strong></span> <span class='ocrx_word' id='word_1_37' title='bbox 403 965 552 1048; x_wconf 87' lang='lat' dir='ltr'><strong>tempore</strong></span> <span class='ocrx_word' id='word_1_38' title='bbox 567 955 729 1050; x_wconf 87' lang='lat' dir='ltr'><strong>majorum</strong></span> <span class='ocrx_word' id='word_1_39' title='bbox 748 981 857 1025; x_wconf 85' lang='lat' dir='ltr'><strong>mores</strong></span> <span class='ocrx_word' id='word_1_40' title='bbox 870 981 937 1026; x_wconf 90' lang='lat' dir='ltr'><strong>non</strong></span> <span class='ocrx_word' id='word_1_41' title='bbox 955 951 1142 1050; x_wconf 74' lang='lat' dir='ltr'><strong>paullatim,</strong></span> <span class='ocrx_word' id='word_1_42' title='bbox 1153 965 1192 1020; x_wconf 93' lang='lat' dir='ltr'><strong>ut</strong></span> <span class='ocrx_word' id='word_1_43' title='bbox 1204 965 1316 1034; x_wconf 86' lang='lat' dir='ltr'><strong>antea,</strong></span> 
     </span>
     <span class='ocr_line' id='line_1_7' title="bbox 258 1053 1315 1157; baseline 0.002 -36"><span class='ocrx_word' id='word_1_44' title='bbox 258 1053 316 1122; x_wconf 88' lang='lat' dir='ltr'><strong>sed</strong></span> <span class='ocrx_word' id='word_1_45' title='bbox 334 1060 489 1128; x_wconf 87' lang='lat' dir='ltr'><strong>torrentis</strong></span> <span class='ocrx_word' id='word_1_46' title='bbox 505 1061 605 1131; x_wconf 93' lang='lat' dir='ltr'><strong>modo</strong></span> <span class='ocrx_word' id='word_1_47' title='bbox 623 1063 836 1157; x_wconf 77' lang='lat' dir='ltr'><strong>praecipitati:</strong></span> <span class='ocrx_word' id='word_1_48' title='bbox 849 1062 932 1132; x_wconf 85' lang='lat' dir='ltr'><strong>adeo</strong></span> <span class='ocrx_word' id='word_1_49' title='bbox 946 1062 1101 1156; x_wconf 87' lang='lat' dir='ltr'><strong>juventus</strong></span> <span class='ocrx_word' id='word_1_50' title='bbox 1123 1057 1203 1127; x_wconf 85' lang='lat' dir='ltr'><strong>luxu</strong></span> <span class='ocrx_word' id='word_1_51' title='bbox 1218 1071 1315 1150; x_wconf 83' lang='lat' dir='ltr'><strong>atque</strong></span> 
     </span>
     <span class='ocr_line' id='line_1_8' title="bbox 257 1164 1315 1263; baseline 0.005 -36"><span class='ocrx_word' id='word_1_52' title='bbox 257 1164 392 1232; x_wconf 88' lang='lat' dir='ltr'><strong>avaritia</strong></span> <span class='ocrx_word' id='word_1_53' title='bbox 420 1183 579 1263; x_wconf 88' lang='lat' dir='ltr'><strong>corrupta</strong></span> <span class='ocrx_word' id='word_1_54' title='bbox 597 1183 647 1238; x_wconf 90' lang='lat' dir='ltr'><strong>est</strong></span> <span class='ocrx_word' id='word_1_55' title='bbox 665 1167 701 1256; x_wconf 88' lang='lat'><strong>¹²,</strong></span> <span class='ocrx_word' id='word_1_56' title='bbox 719 1171 767 1238; x_wconf 88' lang='lat' dir='ltr'><strong>nti</strong></span> <span class='ocrx_word' id='word_1_57' title='bbox 788 1172 906 1239; x_wconf 88' lang='lat' dir='ltr'><strong>merito</strong></span> <span class='ocrx_word' id='word_1_58' title='bbox 928 1168 1056 1238; x_wconf 90' lang='lat' dir='ltr'><strong>dicatur</strong></span> <span class='ocrx_word' id='word_1_59' title='bbox 1081 1167 1208 1260; x_wconf 83' lang='lat' dir='ltr'><strong>genitos</strong></span> <span class='ocrx_word' id='word_1_60' title='bbox 1226 1185 1315 1249; x_wconf 84' lang='lat' dir='ltr'><strong>esse,</strong></span> 
     </span>
     <span class='ocr_line' id='line_1_9' title="bbox 257 1268 1314 1370; baseline 0 -33"><span class='ocrx_word' id='word_1_61' title='bbox 257 1270 314 1360; x_wconf 90' lang='lat' dir='ltr'><strong>qui</strong></span> <span class='ocrx_word' id='word_1_62' title='bbox 336 1295 442 1365; x_wconf 88' lang='lat' dir='ltr'><strong>neque</strong></span> <span class='ocrx_word' id='word_1_63' title='bbox 463 1275 525 1368; x_wconf 92' lang='lat' dir='ltr'><strong>ipsi</strong></span> <span class='ocrx_word' id='word_1_64' title='bbox 546 1275 669 1344; x_wconf 86' lang='lat' dir='ltr'><strong>habere</strong></span> <span class='ocrx_word' id='word_1_65' title='bbox 682 1291 817 1370; x_wconf 84' lang='lat' dir='ltr'><strong>possent</strong></span> <span class='ocrx_word' id='word_1_66' title='bbox 830 1301 882 1346; x_wconf 88' lang='lat' dir='ltr'><strong>res</strong></span> <span class='ocrx_word' id='word_1_67' title='bbox 904 1273 1094 1361; x_wconf 85' lang='lat' dir='ltr'><strong>familiares,</strong></span> <span class='ocrx_word' id='word_1_68' title='bbox 1113 1297 1219 1366; x_wconf 89' lang='lat' dir='ltr'><strong>neque</strong></span> <span class='ocrx_word' id='word_1_69' title='bbox 1233 1268 1314 1338; x_wconf 84' lang='lat' dir='ltr'><strong>alios</strong></span> 
     </span>
     <span class='ocr_line' id='line_1_10' title="bbox 255 1376 735 1466; baseline 0.015 -24"><span class='ocrx_word' id='word_1_70' title='bbox 255 1376 332 1466; x_wconf 88' lang='lat' dir='ltr'><strong>pati.</strong></span> <span class='ocrx_word' id='word_1_71' title='bbox 357 1379 486 1456; x_wconf 62' lang='lat' dir='ltr'><strong>Gellius</strong></span> <span class='ocrx_word' id='word_1_72' title='bbox 502 1397 539 1449; x_wconf 88' lang='lat' dir='ltr'><strong>et</strong></span> <span class='ocrx_word' id='word_1_73' title='bbox 553 1383 592 1451; x_wconf 83' lang='lat' dir='ltr'><em>A</em></span> <span class='ocrx_word' id='word_1_74' title='bbox 637 1387 735 1450; x_wconf 78' lang='lat' dir='ltr'><strong>ustio.</strong></span> 
     </span>
    </p>

    <p class='ocr_par' dir='ltr' id='par_1_3' title="bbox 258 1483 1314 1659">
     <span class='ocr_line' id='line_1_11' title="bbox 309 1483 1314 1584; baseline -0.001 -35"><span class='ocrx_word' id='word_1_75' title='bbox 309 1483 416 1576; x_wconf 85' lang='lat' dir='ltr'><strong>Igitur</strong></span> <span class='ocrx_word' id='word_1_76' title='bbox 436 1487 576 1556; x_wconf 88' lang='lat' dir='ltr'><strong>venditis</strong></span> <span class='ocrx_word' id='word_1_77' title='bbox 595 1487 603 1512; x_wconf 90' lang='lat'>¹</span> <span class='ocrx_word' id='word_1_78' title='bbox 639 1492 899 1584; x_wconf 85' lang='lat' dir='ltr'><strong>proscriptorum</strong></span> <span class='ocrx_word' id='word_1_79' title='bbox 923 1488 1042 1576; x_wconf 91' lang='lat' dir='ltr'><strong>bonis,</strong></span> <span class='ocrx_word' id='word_1_80' title='bbox 1070 1500 1128 1554; x_wconf 90' lang='lat' dir='ltr'><strong>aut</strong></span> <span class='ocrx_word' id='word_1_81' title='bbox 1146 1483 1314 1578; x_wconf 79' lang='lat' dir='ltr'><strong>dilargitis.</strong></span> 
     </span>
     <span class='ocr_line' id='line_1_12' title="bbox 258 1588 395 1659; baseline 0 -3"><span class='ocrx_word' id='word_1_82' title='bbox 258 1588 395 1659; x_wconf 75' lang='lat' dir='ltr'><strong>Gellaiar.</strong></span> 
     </span>
    </p>
   </div>
   <div class='ocr_carea' id='block_1_3' title="bbox 255 1687 1313 2089">
    <p class='ocr_par' dir='ltr' id='par_1_4' title="bbox 255 1687 1313 1898">
     <span class='ocr_line' id='line_1_13' title="bbox 308 1687 1313 1794; baseline 0 -33"><span class='ocrx_word' id='word_1_83' title='bbox 308 1694 349 1762; x_wconf 93' lang='lat' dir='ltr'><strong>Id</strong></span> <span class='ocrx_word' id='word_1_84' title='bbox 378 1695 500 1766; x_wconf 91' lang='lat' dir='ltr'><strong>bellum</strong></span> <span class='ocrx_word' id='word_1_85' title='bbox 526 1700 690 1768; x_wconf 89' lang='lat' dir='ltr'><strong>excitabat</strong></span> <span class='ocrx_word' id='word_1_86' title='bbox 708 1714 816 1769; x_wconf 87' lang='lat' dir='ltr'><strong>metus</strong></span> <span class='ocrx_word' id='word_1_87' title='bbox 833 1687 1011 1794; x_wconf 73' lang='lat' dir='ltr'><strong>Pompeii¹⁴</strong></span> <span class='ocrx_word' id='word_1_88' title='bbox 1025 1700 1180 1786; x_wconf 86' lang='lat' dir='ltr'><strong>victoris,</strong></span> <span class='ocrx_word' id='word_1_89' title='bbox 1201 1697 1313 1764; x_wconf 89' lang='lat' dir='ltr'><strong>Hiem-</strong></span> 
     </span>
     <span class='ocr_line' id='line_1_14' title="bbox 255 1797 944 1898; baseline 0.01 -31"><span class='ocrx_word' id='word_1_90' title='bbox 255 1797 379 1893; x_wconf 85' lang='lat' dir='ltr'><strong>psalem</strong></span> <span class='ocrx_word' id='word_1_91' title='bbox 399 1804 433 1870; x_wconf 91' lang='lat' dir='ltr'><strong>in</strong></span> <span class='ocrx_word' id='word_1_92' title='bbox 453 1829 591 1898; x_wconf 85' lang='lat' dir='ltr'><strong>regnum</strong></span> <span class='ocrx_word' id='word_1_93' title='bbox 610 1809 819 1878; x_wconf 88' lang='lat' dir='ltr'><strong>restituentis.</strong></span> <span class='ocrx_word' id='word_1_94' title='bbox 840 1807 944 1877; x_wconf 84' lang='lat' dir='ltr'><em>Idem.</em></span> 
     </span>
    </p>

    <p class='ocr_par' dir='ltr' id='par_1_5' title="bbox 256 1905 1311 2089">
     <span class='ocr_line' id='line_1_15' title="bbox 307 1905 1311 2009; baseline 0.003 -35"><span class='ocrx_word' id='word_1_95' title='bbox 307 1908 529 2005; x_wconf 85' lang='lat' dir='ltr'><strong>Maxumeque</strong></span> <span class='ocrx_word' id='word_1_96' title='bbox 547 1911 670 1982; x_wconf 86' lang='lat' dir='ltr'><strong>ferocia</strong></span> <span class='ocrx_word' id='word_1_97' title='bbox 681 1916 765 2009; x_wconf 85' lang='lat' dir='ltr'><strong>regis</strong></span> <span class='ocrx_word' id='word_1_98' title='bbox 784 1913 985 1983; x_wconf 87' lang='lat' dir='ltr'><strong>Mithridatis</strong></span> <span class='ocrx_word' id='word_1_99' title='bbox 999 1915 1033 1981; x_wconf 92' lang='lat' dir='ltr'><strong>in</strong></span> <span class='ocrx_word' id='word_1_100' title='bbox 1051 1927 1201 2005; x_wconf 86' lang='lat' dir='ltr'><strong>tempore</strong></span> <span class='ocrx_word' id='word_1_101' title='bbox 1215 1905 1311 1978; x_wconf 85' lang='lat' dir='ltr'><strong>bella·</strong></span> 
     </span>
     <span class='ocr_line' id='line_1_16' title="bbox 256 2014 787 2089; baseline 0.011 -7"><span class='ocrx_word' id='word_1_102' title='bbox 256 2014 331 2082; x_wconf 90' lang='lat' dir='ltr'><strong>turi.</strong></span> <span class='ocrx_word' id='word_1_103' title='bbox 350 2019 511 2086; x_wconf 80' lang='lat' dir='ltr'><strong>Donatus</strong></span> <span class='ocrx_word' id='word_1_104' title='bbox 527 2035 564 2088; x_wconf 87' lang='lat' dir='ltr'><strong>et</strong></span> <span class='ocrx_word' id='word_1_105' title='bbox 582 2023 787 2089; x_wconf 67' lang='lat' dir='ltr'><strong>Arrecinam.</strong></span> 
     </span>
    </p>
   </div>
   <div class='ocr_carea' id='block_1_4' title="bbox 252 2213 1312 4134">
    <p class='ocr_par' dir='ltr' id='par_1_6' title="bbox 252 2213 1312 4134">
     <span class='ocr_line' id='line_1_17' title="bbox 256 2213 1311 2292; baseline 0.002 -24"><span class='ocrx_word' id='word_1_106' title='bbox 256 2213 358 2269; x_wconf 88' lang='lat' dir='ltr'><strong>dictum</strong></span> <span class='ocrx_word' id='word_1_107' title='bbox 380 2229 456 2272; x_wconf 86' lang='lat' dir='ltr'><strong>notat</strong></span> <span class='ocrx_word' id='word_1_108' title='bbox 477 2220 601 2272; x_wconf 70' lang='lat' dir='ltr'><strong>antecedere</strong></span> <span class='ocrx_word' id='word_1_109' title='bbox 625 2226 649 2274; x_wconf 83' lang='lat' dir='ltr'><strong>ia</strong></span> <span class='ocrx_word' id='word_1_110' title='bbox 671 2227 761 2292; x_wconf 69' lang='lat' dir='ltr'><strong>grauia</strong></span> <span class='ocrx_word' id='word_1_111' title='bbox 807 2233 861 2274; x_wconf 81' lang='lat' dir='ltr'><strong>reat</strong></span> <span class='ocrx_word' id='word_1_112' title='bbox 875 2225 964 2274; x_wconf 76' lang='lat' dir='ltr'><strong>ensuite</strong></span> <span class='ocrx_word' id='word_1_113' title='bbox 979 2239 1028 2292; x_wconf 85' lang='lat' dir='ltr'><strong>par</strong></span> <span class='ocrx_word' id='word_1_114' title='bbox 1044 2221 1096 2271; x_wconf 80' lang='lat' dir='ltr'><strong>leur</strong></span> <span class='ocrx_word' id='word_1_115' title='bbox 1107 2223 1229 2290; x_wconf 79' lang='lat' dir='ltr'><strong>pauvrete&#39;.</strong></span> <span class='ocrx_word' id='word_1_116' title='bbox 1246 2221 1311 2272; x_wconf 75' lang='lat' dir='ltr'><strong>Aeec</strong></span> 
     </span>
     <span class='ocr_line' id='line_1_18' title="bbox 257 2297 1311 2372; baseline 0.002 -23"><span class='ocrx_word' id='word_1_117' title='bbox 257 2297 436 2368; x_wconf 71' lang='lat' dir='ltr'><strong>Augustinus,</strong></span> <span class='ocrx_word' id='word_1_118' title='bbox 453 2301 500 2372; x_wconf 92' lang='lat' dir='ltr'><strong>qui</strong></span> <span class='ocrx_word' id='word_1_119' title='bbox 519 2301 694 2372; x_wconf 76' lang='lat' dir='ltr'><strong>fragmentum</strong></span> <span class='ocrx_word' id='word_1_120' title='bbox 711 2302 763 2355; x_wconf 87' lang='lat' dir='ltr'><strong>hoc</strong></span> <span class='ocrx_word' id='word_1_121' title='bbox 806 2303 847 2354; x_wconf 83' lang='lat' dir='ltr'><strong>des</strong></span> <span class='ocrx_word' id='word_1_122' title='bbox 870 2302 934 2354; x_wconf 81' lang='lat' dir='ltr'><strong>biens</strong></span> <span class='ocrx_word' id='word_1_123' title='bbox 953 2300 1087 2352; x_wconf 78' lang='lat' dir='ltr'><strong>are-deseres</strong></span> <span class='ocrx_word' id='word_1_124' title='bbox 1106 2299 1180 2350; x_wconf 83' lang='lat' dir='ltr'><strong>d’uae</strong></span> <span class='ocrx_word' id='word_1_125' title='bbox 1192 2300 1311 2351; x_wconf 78' lang='lat' dir='ltr'><strong>condition</strong></span> 
     </span>
     <span class='ocr_line' id='line_1_19' title="bbox 257 2378 1311 2453; baseline 0.004 -25"><span class='ocrx_word' id='word_1_126' title='bbox 257 2387 342 2429; x_wconf 86' lang='lat' dir='ltr'><strong>totum</strong></span> <span class='ocrx_word' id='word_1_127' title='bbox 356 2381 537 2445; x_wconf 80' lang='lat' dir='ltr'><strong>conservavit,</strong></span> <span class='ocrx_word' id='word_1_128' title='bbox 553 2386 577 2433; x_wconf 81' lang='lat' dir='ltr'><strong>in</strong></span> <span class='ocrx_word' id='word_1_129' title='bbox 589 2385 694 2452; x_wconf 72' lang='lat' dir='ltr'><strong>gratiam</strong></span> <span class='ocrx_word' id='word_1_130' title='bbox 708 2403 763 2434; x_wconf 84' lang='lat' dir='ltr'><strong>con·</strong></span> <span class='ocrx_word' id='word_1_131' title='bbox 800 2385 896 2453; x_wconf 66' lang='lat' dir='ltr'><strong>prinde,</strong></span> <span class='ocrx_word' id='word_1_132' title='bbox 916 2381 937 2432; x_wconf 88' lang='lat' dir='ltr'><strong>il</strong></span> <span class='ocrx_word' id='word_1_133' title='bbox 943 2381 987 2448; x_wconf 75' lang='lat' dir='ltr'><strong>fat</strong></span> <span class='ocrx_word' id='word_1_134' title='bbox 1001 2378 1101 2450; x_wconf 73' lang='lat' dir='ltr'><strong>difficile</strong></span> <span class='ocrx_word' id='word_1_135' title='bbox 1118 2379 1196 2431; x_wconf 75' lang='lat' dir='ltr'><strong>d&#39;etn</strong></span> <span class='ocrx_word' id='word_1_136' title='bbox 1217 2399 1249 2430; x_wconf 83' lang='lat' dir='ltr'><strong>un</strong></span> <span class='ocrx_word' id='word_1_137' title='bbox 1267 2380 1311 2432; x_wconf 78' lang='lat' dir='ltr'><strong>bon</strong></span> 
     </span>
     <span class='ocr_line' id='line_1_20' title="bbox 257 2459 1311 2533; baseline 0.002 -26"><span class='ocrx_word' id='word_1_138' title='bbox 257 2471 384 2519; x_wconf 77' lang='lat' dir='ltr'><strong>cesserunt,</strong></span> <span class='ocrx_word' id='word_1_139' title='bbox 402 2460 530 2530; x_wconf 80' lang='lat' dir='ltr'><strong>scriptum</strong></span> <span class='ocrx_word' id='word_1_140' title='bbox 546 2461 660 2532; x_wconf 85' lang='lat' dir='ltr'><strong>reliquit.</strong></span> <span class='ocrx_word' id='word_1_141' title='bbox 685 2463 762 2515; x_wconf 75' lang='lat' dir='ltr'><strong>Cars-</strong></span> <span class='ocrx_word' id='word_1_142' title='bbox 805 2464 917 2533; x_wconf 81' lang='lat' dir='ltr'><strong>citoyea,·</strong></span> <span class='ocrx_word' id='word_1_143' title='bbox 934 2480 989 2513; x_wconf 66' lang='lat' dir='ltr'><strong>osee</strong></span> <span class='ocrx_word' id='word_1_144' title='bbox 1007 2460 1161 2511; x_wconf 81' lang='lat' dir='ltr'><strong>leedesirset</strong></span> <span class='ocrx_word' id='word_1_145' title='bbox 1176 2459 1210 2510; x_wconf 75' lang='lat' dir='ltr'><strong>les</strong></span> <span class='ocrx_word' id='word_1_146' title='bbox 1224 2471 1311 2530; x_wconf 72' lang='lat' dir='ltr'><strong>regnis</strong></span> 
     </span>
     <span class='ocr_line' id='line_1_21' title="bbox 256 2537 1311 2612; baseline 0.011 -24"><span class='ocrx_word' id='word_1_147' title='bbox 256 2553 313 2588; x_wconf 82' lang='lat' dir='ltr'><strong>rm.</strong></span> <span class='ocrx_word' id='word_1_148' title='bbox 328 2537 358 2589; x_wconf 83' lang='lat' dir='ltr'><strong>In</strong></span> <span class='ocrx_word' id='word_1_149' title='bbox 366 2541 559 2607; x_wconf 76' lang='lat' dir='ltr'><strong>gratiaautem,</strong></span> <span class='ocrx_word' id='word_1_150' title='bbox 569 2542 611 2592; x_wconf 80' lang='lat' dir='ltr'><strong>rel</strong></span> <span class='ocrx_word' id='word_1_151' title='bbox 621 2547 646 2593; x_wconf 80' lang='lat' dir='ltr'><strong>in</strong></span> <span class='ocrx_word' id='word_1_152' title='bbox 657 2545 762 2612; x_wconf 70' lang='lat' dir='ltr'><strong>gretiam</strong></span> <span class='ocrx_word' id='word_1_153' title='bbox 805 2543 879 2594; x_wconf 80' lang='lat' dir='ltr'><strong>d&#39;une</strong></span> <span class='ocrx_word' id='word_1_154' title='bbox 893 2541 985 2612; x_wconf 64' lang='lat' dir='ltr'><strong>pande</strong></span> <span class='ocrx_word' id='word_1_155' title='bbox 996 2541 1096 2608; x_wconf 81' lang='lat' dir='ltr'><strong>fortune</strong></span> <span class='ocrx_word' id='word_1_156' title='bbox 1115 2543 1209 2600; x_wconf 59' lang='lat' dir='ltr'><strong>ruine,</strong></span> <span class='ocrx_word' id='word_1_157' title='bbox 1227 2559 1258 2590; x_wconf 64' lang='grc' dir='ltr'><strong>θ’*</strong></span> <span class='ocrx_word' id='word_1_158' title='bbox 1270 2541 1311 2606; x_wconf 68' lang='lat' dir='ltr'><strong>su!</strong></span> 
     </span>
     <span class='ocr_line' id='line_1_22' title="bbox 256 2617 1312 2694; baseline 0.004 -28"><span class='ocrx_word' id='word_1_159' title='bbox 256 2617 397 2682; x_wconf 79' lang='lat' dir='ltr'><strong>concedere,</strong></span> <span class='ocrx_word' id='word_1_160' title='bbox 411 2629 450 2671; x_wconf 88' lang='lat' dir='ltr'><strong>eat</strong></span> <span class='ocrx_word' id='word_1_161' title='bbox 463 2621 634 2692; x_wconf 73' lang='lat' dir='ltr'><strong>praepotentia</strong></span> <span class='ocrx_word' id='word_1_162' title='bbox 648 2633 674 2674; x_wconf 88' lang='lat' dir='ltr'><strong>et</strong></span> <span class='ocrx_word' id='word_1_163' title='bbox 691 2620 761 2693; x_wconf 88' lang='lat' dir='ltr'><strong>apud</strong></span> <span class='ocrx_word' id='word_1_164' title='bbox 801 2623 881 2694; x_wconf 70' lang='lat' dir='ltr'><strong>prdtd</strong></span> <span class='ocrx_word' id='word_1_165' title='bbox 891 2633 944 2672; x_wconf 80' lang='lat' dir='ltr'><strong>tous</strong></span> <span class='ocrx_word' id='word_1_166' title='bbox 952 2621 986 2672; x_wconf 80' lang='lat' dir='ltr'><strong>ies</strong></span> <span class='ocrx_word' id='word_1_167' title='bbox 995 2631 1121 2682; x_wconf 75' lang='lat' dir='ltr'><strong>atmuats,</strong></span> <span class='ocrx_word' id='word_1_168' title='bbox 1130 2631 1167 2682; x_wconf 79' lang='lat' dir='ltr'><strong>et,</strong></span> <span class='ocrx_word' id='word_1_169' title='bbox 1180 2619 1312 2671; x_wconf 79' lang='lat' dir='ltr'><strong>commedit</strong></span> 
     </span>
     <span class='ocr_line' id='line_1_23' title="bbox 256 2695 1311 2770; baseline 0.004 -23"><span class='ocrx_word' id='word_1_170' title='bbox 256 2695 354 2748; x_wconf 80' lang='lat' dir='ltr'><strong>multos</strong></span> <span class='ocrx_word' id='word_1_171' title='bbox 372 2698 480 2768; x_wconf 70' lang='lat' dir='ltr'><strong>gratiam</strong></span> <span class='ocrx_word' id='word_1_172' title='bbox 497 2699 613 2753; x_wconf 82' lang='lat' dir='ltr'><strong>hominis</strong></span> <span class='ocrx_word' id='word_1_173' title='bbox 632 2719 716 2754; x_wconf 78' lang='lat' dir='ltr'><strong>canera</strong></span> <span class='ocrx_word' id='word_1_174' title='bbox 735 2714 762 2754; x_wconf 90' lang='lat' dir='ltr'><strong>et</strong></span> <span class='ocrx_word' id='word_1_175' title='bbox 804 2701 928 2763; x_wconf 81' lang='lat' dir='ltr'><strong>Salluste,</strong></span> <span class='ocrx_word' id='word_1_176' title='bbox 950 2720 981 2752; x_wconf 84' lang='lat' dir='ltr'><strong>on</strong></span> <span class='ocrx_word' id='word_1_177' title='bbox 1003 2705 1043 2752; x_wconf 77' lang='lat' dir='ltr'><strong>vit</strong></span> <span class='ocrx_word' id='word_1_178' title='bbox 1061 2719 1106 2752; x_wconf 82' lang='lat' dir='ltr'><strong>une</strong></span> <span class='ocrx_word' id='word_1_179' title='bbox 1122 2704 1263 2770; x_wconf 70' lang='lat' dir='ltr'><strong>gdne&#39;mtim</strong></span> <span class='ocrx_word' id='word_1_180' title='bbox 1282 2699 1311 2750; x_wconf 87' lang='lat' dir='ltr'><strong>de</strong></span> 
     </span>
     <span class='ocr_line' id='line_1_24' title="bbox 256 2775 1311 2853; baseline 0.005 -28"><span class='ocrx_word' id='word_1_181' title='bbox 256 2775 762 2849; x_wconf 65' lang='lat' dir='ltr'><strong>fredonieeadjungere.-Subhbneseo</strong></span> <span class='ocrx_word' id='word_1_182' title='bbox 802 2801 862 2852; x_wconf 74' lang='lat' dir='ltr'><strong>gene</strong></span> <span class='ocrx_word' id='word_1_183' title='bbox 875 2785 917 2853; x_wconf 78' lang='lat' dir='ltr'><strong>qui</strong></span> <span class='ocrx_word' id='word_1_184' title='bbox 925 2801 954 2833; x_wconf 81' lang='lat' dir='ltr'><strong>ne</strong></span> <span class='ocrx_word' id='word_1_185' title='bbox 961 2785 1092 2852; x_wconf 72' lang='lat' dir='ltr'><strong>pouoaient</strong></span> <span class='ocrx_word' id='word_1_186' title='bbox 1103 2783 1171 2834; x_wconf 72' lang='lat' dir='ltr'><strong>amir</strong></span> <span class='ocrx_word' id='word_1_187' title='bbox 1188 2780 1220 2831; x_wconf 86' lang='lat' dir='ltr'><strong>de</strong></span> <span class='ocrx_word' id='word_1_188' title='bbox 1232 2783 1311 2850; x_wconf 83' lang='lat' dir='ltr'><strong>patri·</strong></span> 
     </span>
     <span class='ocr_line' id='line_1_25' title="bbox 308 2857 1311 2931; baseline 0.003 -23.852"><span class='ocrx_word' id='word_1_189' title='bbox 308 2859 408 2909; x_wconf 82' lang='lat' dir='ltr'><strong>nomine.</strong></span> <span class='ocrx_word' id='word_1_190' title='bbox 429 2857 576 2911; x_wconf 85' lang='lat' dir='ltr'><strong>Honestum</strong></span> <span class='ocrx_word' id='word_1_191' title='bbox 591 2877 689 2912; x_wconf 82' lang='lat' dir='ltr'><strong>nomen</strong></span> <span class='ocrx_word' id='word_1_192' title='bbox 708 2880 761 2914; x_wconf 80' lang='lat' dir='ltr'><strong>suae</strong></span> <span class='ocrx_word' id='word_1_193' title='bbox 805 2865 899 2923; x_wconf 82' lang='lat' dir='ltr'><strong>moine,</strong></span> <span class='ocrx_word' id='word_1_194' title='bbox 915 2865 941 2913; x_wconf 80' lang='lat' dir='ltr'><strong>ni</strong></span> <span class='ocrx_word' id='word_1_195' title='bbox 959 2862 1061 2928; x_wconf 76' lang='lat' dir='ltr'><strong>soussrir</strong></span> <span class='ocrx_word' id='word_1_196' title='bbox 1082 2879 1128 2931; x_wconf 81' lang='lat' dir='ltr'><strong>que</strong></span> <span class='ocrx_word' id='word_1_197' title='bbox 1151 2859 1261 2911; x_wconf 77' lang='lat' dir='ltr'><strong>d&#39;autm</strong></span> <span class='ocrx_word' id='word_1_198' title='bbox 1282 2876 1311 2910; x_wconf 79' lang='lat' dir='ltr'><strong>ea</strong></span> 
     </span>
     <span class='ocr_line' id='line_1_26' title="bbox 256 2933 1310 3013; baseline 0.005 -28"><span class='ocrx_word' id='word_1_199' title='bbox 256 2933 395 2987; x_wconf 83' lang='lat' dir='ltr'><strong>ambitioni</strong></span> <span class='ocrx_word' id='word_1_200' title='bbox 409 2949 599 3007; x_wconf 77' lang='lat' dir='ltr'><strong>praetexentes,</strong></span> <span class='ocrx_word' id='word_1_201' title='bbox 619 2940 761 2994; x_wconf 87' lang='lat' dir='ltr'><strong>utilitatem</strong></span> <span class='ocrx_word' id='word_1_202' title='bbox 804 2953 904 2994; x_wconf 72' lang='lat' dir='ltr'><strong>enecent.</strong></span> <span class='ocrx_word' id='word_1_203' title='bbox 918 2973 959 2985; x_wconf 84' lang='lat'>-</span> <span class='ocrx_word' id='word_1_204' title='bbox 971 2942 1055 3013; x_wconf 82' lang='lat' dir='ltr'><strong>Neque</strong></span> <span class='ocrx_word' id='word_1_205' title='bbox 1069 2941 1130 2992; x_wconf 78' lang='lat' dir='ltr'><strong>aiios</strong></span> <span class='ocrx_word' id='word_1_206' title='bbox 1141 2943 1204 3010; x_wconf 72' lang='lat' dir='ltr'><strong>pati.</strong></span> <span class='ocrx_word' id='word_1_207' title='bbox 1216 2937 1310 3012; x_wconf 83' lang='lat' dir='ltr'><strong>Suppl.</strong></span> 
     </span>
     <span class='ocr_line' id='line_1_27' title="bbox 256 3017 897 3088; baseline 0.014 -23"><span class='ocrx_word' id='word_1_208' title='bbox 256 3025 362 3084; x_wconf 86' lang='lat' dir='ltr'><strong>patrum</strong></span> <span class='ocrx_word' id='word_1_209' title='bbox 384 3029 430 3069; x_wconf 88' lang='lat' dir='ltr'><strong>aut</strong></span> <span class='ocrx_word' id='word_1_210' title='bbox 453 3018 545 3088; x_wconf 85' lang='lat' dir='ltr'><strong>plebia.</strong></span> <span class='ocrx_word' id='word_1_211' title='bbox 560 3017 631 3071; x_wconf 88' lang='lat' dir='ltr'><strong>Vide</strong></span> <span class='ocrx_word' id='word_1_212' title='bbox 654 3021 760 3074; x_wconf 81' lang='lat' dir='ltr'><strong>Catilio.</strong></span> <span class='ocrx_word' id='word_1_213' title='bbox 804 3023 897 3074; x_wconf 74' lang='lat' dir='ltr'><strong>laben.</strong></span> 
     </span>
     <span class='ocr_line' id='line_1_28' title="bbox 255 3093 1311 3171; baseline 0.004 -25"><span class='ocrx_word' id='word_1_214' title='bbox 255 3093 412 3147; x_wconf 82' lang='lat' dir='ltr'>XXXVIII.</span> <span class='ocrx_word' id='word_1_215' title='bbox 427 3127 468 3138; x_wconf 90' lang='lat'><em>-</em></span> <span class='ocrx_word' id='word_1_216' title='bbox 480 3097 537 3149; x_wconf 81' lang='lat' dir='ltr'><strong>Non</strong></span> <span class='ocrx_word' id='word_1_217' title='bbox 552 3099 582 3150; x_wconf 84' lang='lat' dir='ltr'><strong>ob</strong></span> <span class='ocrx_word' id='word_1_218' title='bbox 596 3105 687 3152; x_wconf 81' lang='lat' dir='ltr'><strong>merita.</strong></span> <span class='ocrx_word' id='word_1_219' title='bbox 703 3101 762 3154; x_wconf 82' lang='lat' dir='ltr'><strong>Hoc</strong></span> <span class='ocrx_word' id='word_1_220' title='bbox 848 3103 891 3156; x_wconf 79' lang='lat'><strong>13.</strong></span> <span class='ocrx_word' id='word_1_221' title='bbox 916 3101 997 3171; x_wconf 71' lang='lat' dir='ltr'><strong>Igitur</strong></span> <span class='ocrx_word' id='word_1_222' title='bbox 1010 3099 1125 3158; x_wconf 75' lang='lat' dir='ltr'><strong>venditis,</strong></span> <span class='ocrx_word' id='word_1_223' title='bbox 1143 3110 1187 3150; x_wconf 77' lang='lat' dir='ltr'><strong>etc.</strong></span> <span class='ocrx_word' id='word_1_224' title='bbox 1202 3097 1311 3151; x_wconf 74' lang='lat' dir='ltr'><strong>Monter-</strong></span> 
     </span>
     <span class='ocr_line' id='line_1_29' title="bbox 255 3173 1311 3254; baseline 0.006 -30"><span class='ocrx_word' id='word_1_225' title='bbox 255 3173 430 3241; x_wconf 78' lang='lat' dir='ltr'><strong>vocabulum,</strong></span> <span class='ocrx_word' id='word_1_226' title='bbox 441 3195 522 3248; x_wconf 89' lang='lat' dir='ltr'><strong>quum</strong></span> <span class='ocrx_word' id='word_1_227' title='bbox 535 3176 569 3230; x_wconf 83' lang='lat' dir='ltr'><strong>de</strong></span> <span class='ocrx_word' id='word_1_228' title='bbox 582 3179 648 3231; x_wconf 72' lang='grc' dir='ltr'><strong><em>ὂοιιὺ</em></strong></span> <span class='ocrx_word' id='word_1_229' title='bbox 662 3181 761 3251; x_wconf 84' lang='lat' dir='ltr'><strong>pariter</strong></span> <span class='ocrx_word' id='word_1_230' title='bbox 804 3185 887 3254; x_wconf 81' lang='lat' dir='ltr'><strong>quien,</strong></span> <span class='ocrx_word' id='word_1_231' title='bbox 899 3181 937 3234; x_wconf 78' lang='lat' dir='ltr'><strong>eir.</strong></span> <span class='ocrx_word' id='word_1_232' title='bbox 952 3199 980 3232; x_wconf 79' lang='grc' dir='ltr'><strong>ιι</strong></span> <span class='ocrx_word' id='word_1_233' title='bbox 991 3198 998 3232; x_wconf 89' lang='lat'>:</span> <span class='ocrx_word' id='word_1_234' title='bbox 1010 3179 1081 3250; x_wconf 79' lang='lat' dir='ltr'><strong>Syna</strong></span> <span class='ocrx_word' id='word_1_235' title='bbox 1097 3179 1178 3230; x_wconf 75' lang='grc' dir='ltr'><em>ᾰοηηα</em></span> <span class='ocrx_word' id='word_1_236' title='bbox 1193 3179 1228 3230; x_wconf 75' lang='lat' dir='ltr'><strong>lea</strong></span> <span class='ocrx_word' id='word_1_237' title='bbox 1240 3191 1311 3230; x_wconf 73' lang='lat' dir='ltr'><strong>tener</strong></span> 
     </span>
     <span class='ocr_line' id='line_1_30' title="bbox 257 3254 1310 3332; baseline 0.006 -27"><span class='ocrx_word' id='word_1_238' title='bbox 257 3271 287 3306; x_wconf 86' lang='lat' dir='ltr'><strong>ac</strong></span> <span class='ocrx_word' id='word_1_239' title='bbox 300 3254 370 3306; x_wconf 79' lang='lat' dir='ltr'><strong>malis</strong></span> <span class='ocrx_word' id='word_1_240' title='bbox 384 3254 686 3331; x_wconf 60' lang='lat' dir='ltr'><strong>&amp;carminumque</strong></span> <span class='ocrx_word' id='word_1_241' title='bbox 698 3279 761 3332; x_wconf 87' lang='lat' dir='ltr'><strong>par·</strong></span> <span class='ocrx_word' id='word_1_242' title='bbox 804 3262 845 3313; x_wconf 78' lang='lat' dir='ltr'><strong>des</strong></span> <span class='ocrx_word' id='word_1_243' title='bbox 866 3267 970 3331; x_wconf 78' lang='lat' dir='ltr'><strong>eitoyena</strong></span> <span class='ocrx_word' id='word_1_244' title='bbox 991 3280 1041 3312; x_wconf 77' lang='lat' dir='ltr'><strong>area</strong></span> <span class='ocrx_word' id='word_1_245' title='bbox 1060 3259 1170 3319; x_wconf 76' lang='lat' dir='ltr'><strong>saldan,</strong></span> <span class='ocrx_word' id='word_1_246' title='bbox 1194 3270 1221 3310; x_wconf 84' lang='lat' dir='ltr'><strong>et</strong></span> <span class='ocrx_word' id='word_1_247' title='bbox 1244 3259 1310 3310; x_wconf 77' lang='lat' dir='ltr'><strong>illas</strong></span> 
     </span>
     <span class='ocr_line' id='line_1_31' title="bbox 255 3335 1310 3410; baseline 0.004 -24"><span class='ocrx_word' id='word_1_248' title='bbox 255 3345 309 3386; x_wconf 84' lang='lat' dir='ltr'><strong>tem</strong></span> <span class='ocrx_word' id='word_1_249' title='bbox 321 3335 504 3408; x_wconf 81' lang='lat' dir='ltr'><strong>accipiendum</strong></span> <span class='ocrx_word' id='word_1_250' title='bbox 515 3351 562 3393; x_wconf 82' lang='lat' dir='ltr'><strong>eat.</strong></span> <span class='ocrx_word' id='word_1_251' title='bbox 573 3339 641 3393; x_wconf 84' lang='lat' dir='ltr'><strong>Nam</strong></span> <span class='ocrx_word' id='word_1_252' title='bbox 654 3345 760 3393; x_wconf 66' lang='lat' dir='ltr'><strong>nemum</strong></span> <span class='ocrx_word' id='word_1_253' title='bbox 804 3341 882 3393; x_wconf 74' lang='lat' dir='ltr'><strong>tundit</strong></span> <span class='ocrx_word' id='word_1_254' title='bbox 903 3340 984 3392; x_wconf 64' lang='lat' dir='ltr'><strong>evade</strong></span> <span class='ocrx_word' id='word_1_255' title='bbox 995 3359 1059 3410; x_wconf 81' lang='lat' dir='ltr'><strong>pour</strong></span> <span class='ocrx_word' id='word_1_256' title='bbox 1074 3343 1173 3410; x_wconf 72' lang='lat' dir='ltr'><strong>jamnis.</strong></span> <span class='ocrx_word' id='word_1_257' title='bbox 1196 3337 1250 3391; x_wconf 80' lang='lat' dir='ltr'><strong>Car</strong></span> <span class='ocrx_word' id='word_1_258' title='bbox 1270 3338 1310 3390; x_wconf 65' lang='lat' dir='ltr'><strong>d&amp;</strong></span> 
     </span>
     <span class='ocr_line' id='line_1_32' title="bbox 256 3415 1311 3492; baseline 0.002 -24"><span class='ocrx_word' id='word_1_259' title='bbox 256 3424 315 3479; x_wconf 81' lang='lat' dir='ltr'><strong>eet,</strong></span> <span class='ocrx_word' id='word_1_260' title='bbox 334 3415 466 3489; x_wconf 87' lang='lat' dir='ltr'><strong>quidquid</strong></span> <span class='ocrx_word' id='word_1_261' title='bbox 494 3421 586 3492; x_wconf 82' lang='lat' dir='ltr'><strong>aliquia</strong></span> <span class='ocrx_word' id='word_1_262' title='bbox 609 3423 693 3474; x_wconf 76' lang='lat' dir='ltr'><strong>memte</strong></span> <span class='ocrx_word' id='word_1_263' title='bbox 714 3441 760 3474; x_wconf 87' lang='lat' dir='ltr'><strong>seu</strong></span> <span class='ocrx_word' id='word_1_264' title='bbox 803 3441 829 3473; x_wconf 88' lang='lat' dir='ltr'><strong>ee</strong></span> <span class='ocrx_word' id='word_1_265' title='bbox 844 3432 959 3482; x_wconf 82' lang='lat' dir='ltr'><strong>moment,</strong></span> <span class='ocrx_word' id='word_1_266' title='bbox 975 3419 1050 3491; x_wconf 85' lang='lat' dir='ltr'><strong>iln’y</strong></span> <span class='ocrx_word' id='word_1_267' title='bbox 1060 3419 1166 3490; x_wconf 73' lang='lat' dir='ltr'><strong>caepim</strong></span> <span class='ocrx_word' id='word_1_268' title='bbox 1178 3419 1311 3470; x_wconf 70' lang='lat' dir='ltr'><strong>mahom</strong></span> 
     </span>
     <span class='ocr_line' id='line_1_33' title="bbox 255 3495 1310 3574; baseline 0.001 -26"><span class='ocrx_word' id='word_1_269' title='bbox 255 3495 392 3557; x_wconf 54' lang='lat' dir='ltr'><strong>benamu</strong></span> <span class='ocrx_word' id='word_1_270' title='bbox 402 3499 470 3552; x_wconf 84' lang='lat' dir='ltr'><strong>male</strong></span> <span class='ocrx_word' id='word_1_271' title='bbox 481 3499 589 3572; x_wconf 74' lang='lat' dir='ltr'><strong>agendo.</strong></span> <span class='ocrx_word' id='word_1_272' title='bbox 600 3500 671 3574; x_wconf 73' lang='lat' dir='ltr'><strong>Vide</strong></span> <span class='ocrx_word' id='word_1_273' title='bbox 682 3502 759 3555; x_wconf 83' lang='lat' dir='ltr'><strong>Catil.</strong></span> <span class='ocrx_word' id='word_1_274' title='bbox 802 3501 833 3552; x_wconf 88' lang='lat' dir='ltr'><strong>de</strong></span> <span class='ocrx_word' id='word_1_275' title='bbox 845 3521 930 3572; x_wconf 72' lang='lat' dir='ltr'><strong>guerre</strong></span> <span class='ocrx_word' id='word_1_276' title='bbox 944 3504 985 3571; x_wconf 83' lang='lat' dir='ltr'><strong>qni</strong></span> <span class='ocrx_word' id='word_1_277' title='bbox 996 3497 1128 3551; x_wconf 74' lang='lat' dir='ltr'><strong>n&#39;atteidet</strong></span> <span class='ocrx_word' id='word_1_278' title='bbox 1143 3517 1188 3549; x_wconf 75' lang='lat' dir='ltr'><strong>une</strong></span> <span class='ocrx_word' id='word_1_279' title='bbox 1200 3499 1310 3550; x_wconf 70' lang='lat' dir='ltr'><strong>marien</strong></span> 
     </span>
     <span class='ocr_line' id='line_1_34' title="bbox 254 3575 1309 3654; baseline 0.001 -27"><span class='ocrx_word' id='word_1_280' title='bbox 254 3575 403 3644; x_wconf 81' lang='lat' dir='ltr'><strong>xxxvss,</strong></span> <span class='ocrx_word' id='word_1_281' title='bbox 413 3591 439 3632; x_wconf 83' lang='lat' dir='ltr'><strong>et</strong></span> <span class='ocrx_word' id='word_1_282' title='bbox 449 3597 508 3651; x_wconf 76' lang='lat' dir='ltr'><strong>quea</strong></span> <span class='ocrx_word' id='word_1_283' title='bbox 518 3582 557 3634; x_wconf 85' lang='lat' dir='ltr'><strong>ibi</strong></span> <span class='ocrx_word' id='word_1_284' title='bbox 567 3581 716 3634; x_wconf 82' lang='lat' dir='ltr'><strong>notavimus</strong></span> <span class='ocrx_word' id='word_1_285' title='bbox 726 3580 760 3633; x_wconf 86' lang='lat' dir='ltr'><strong>de</strong></span> <span class='ocrx_word' id='word_1_286' title='bbox 803 3585 844 3654; x_wconf 75' lang='lat' dir='ltr'><strong>qui</strong></span> <span class='ocrx_word' id='word_1_287' title='bbox 857 3589 905 3652; x_wconf 80' lang='lat' dir='ltr'><strong>put</strong></span> <span class='ocrx_word' id='word_1_288' title='bbox 916 3591 998 3631; x_wconf 72' lang='lat' dir='ltr'><strong>mun</strong></span> <span class='ocrx_word' id='word_1_289' title='bbox 1010 3582 1043 3631; x_wconf 78' lang='lat' dir='ltr'><strong>les</strong></span> <span class='ocrx_word' id='word_1_290' title='bbox 1061 3581 1126 3632; x_wconf 76' lang='lat' dir='ltr'><strong>biens</strong></span> <span class='ocrx_word' id='word_1_291' title='bbox 1138 3578 1168 3629; x_wconf 85' lang='lat' dir='ltr'><strong>de</strong></span> <span class='ocrx_word' id='word_1_292' title='bbox 1178 3597 1215 3629; x_wconf 73' lang='lat' dir='ltr'><strong>m</strong></span> <span class='ocrx_word' id='word_1_293' title='bbox 1231 3581 1309 3629; x_wconf 75' lang='lat' dir='ltr'><strong>eonci-</strong></span> 
     </span>
     <span class='ocr_line' id='line_1_35' title="bbox 255 3652 1111 3734; baseline 0.004 -27"><span class='ocrx_word' id='word_1_294' title='bbox 255 3652 357 3726; x_wconf 82' lang='lat' dir='ltr'><strong>duplici</strong></span> <span class='ocrx_word' id='word_1_295' title='bbox 371 3677 449 3712; x_wconf 80' lang='lat' dir='ltr'><strong>sensu</strong></span> <span class='ocrx_word' id='word_1_296' title='bbox 472 3661 660 3714; x_wconf 72' lang='lat' dir='ltr'><strong>vocabulorum</strong></span> <span class='ocrx_word' id='word_1_297' title='bbox 686 3662 760 3713; x_wconf 76' lang='lat' dir='ltr'><strong>honus</strong></span> <span class='ocrx_word' id='word_1_298' title='bbox 803 3675 885 3734; x_wconf 78' lang='lat' dir='ltr'><strong>roseas</strong></span> <span class='ocrx_word' id='word_1_299' title='bbox 898 3673 1011 3713; x_wconf 81' lang='lat' dir='ltr'><strong>entreses</strong></span> <span class='ocrx_word' id='word_1_300' title='bbox 1027 3663 1111 3712; x_wconf 70' lang='lat' dir='ltr'><strong>maias.</strong></span> 
     </span>
     <span class='ocr_line' id='line_1_36' title="bbox 252 3737 1307 3810; baseline 0.002 -22"><span class='ocrx_word' id='word_1_301' title='bbox 252 3747 279 3788; x_wconf 85' lang='lat' dir='ltr'><strong>et</strong></span> <span class='ocrx_word' id='word_1_302' title='bbox 293 3737 377 3790; x_wconf 79' lang='lat' dir='ltr'><strong>meleu.</strong></span> <span class='ocrx_word' id='word_1_303' title='bbox 846 3749 891 3806; x_wconf 71' lang='lat'><strong>14.</strong></span> <span class='ocrx_word' id='word_1_304' title='bbox 908 3742 989 3794; x_wconf 77' lang='lat' dir='ltr'><strong>Mens</strong></span> <span class='ocrx_word' id='word_1_305' title='bbox 1001 3741 1116 3810; x_wconf 83' lang='lat' dir='ltr'><strong>Pompeii.</strong></span> <span class='ocrx_word' id='word_1_306' title='bbox 1130 3738 1219 3790; x_wconf 82' lang='lat' dir='ltr'><strong>Metus</strong></span> <span class='ocrx_word' id='word_1_307' title='bbox 1230 3755 1307 3809; x_wconf 83' lang='lat' dir='ltr'><strong>quem</strong></span> 
     </span>
     <span class='ocr_line' id='line_1_37' title="bbox 298 3817 1308 3894; baseline 0 -26"><span class='ocrx_word' id='word_1_308' title='bbox 298 3833 342 3869; x_wconf 75' lang='lat' dir='ltr'><strong>ra.</strong></span> <span class='ocrx_word' id='word_1_309' title='bbox 362 3818 478 3871; x_wconf 69' lang='lat' dir='ltr'><strong>Juveuue</strong></span> <span class='ocrx_word' id='word_1_310' title='bbox 493 3818 551 3870; x_wconf 73' lang='lat' dir='ltr'><strong>laen</strong></span> <span class='ocrx_word' id='word_1_311' title='bbox 570 3832 641 3892; x_wconf 80' lang='lat' dir='ltr'><strong>atque</strong></span> <span class='ocrx_word' id='word_1_312' title='bbox 656 3825 759 3872; x_wconf 65' lang='lat' dir='ltr'><strong>esuritio</strong></span> <span class='ocrx_word' id='word_1_313' title='bbox 802 3821 945 3894; x_wconf 81' lang='lat' dir='ltr'><strong>Pompeius</strong></span> <span class='ocrx_word' id='word_1_314' title='bbox 955 3821 1074 3874; x_wconf 79' lang='lat' dir='ltr'><strong>faciebat.</strong></span> <span class='ocrx_word' id='word_1_315' title='bbox 1085 3817 1308 3889; x_wconf 78' lang='lat' dir='ltr'><strong>Scill&#39;ompeius,</strong></span> 
     </span>
     <span class='ocr_line' id='line_1_38' title="bbox 255 3895 1307 3973; baseline 0.003 -26"><span class='ocrx_word' id='word_1_316' title='bbox 255 3909 367 3967; x_wconf 73' lang='lat' dir='ltr'><strong>oonapta</strong></span> <span class='ocrx_word' id='word_1_317' title='bbox 391 3910 433 3950; x_wconf 77' lang='lat' dir='ltr'><strong>eet.</strong></span> <span class='ocrx_word' id='word_1_318' title='bbox 456 3897 636 3968; x_wconf 72' lang='lat' dir='ltr'><strong>Montesquieu,</strong></span> <span class='ocrx_word' id='word_1_319' title='bbox 662 3899 708 3954; x_wconf 84' lang='lat' dir='ltr'><strong>Gr.</strong></span> <span class='ocrx_word' id='word_1_320' title='bbox 736 3913 762 3952; x_wconf 80' lang='lat' dir='ltr'><strong>et</strong></span> <span class='ocrx_word' id='word_1_321' title='bbox 803 3901 915 3973; x_wconf 68' lang='lat' dir='ltr'><strong>Syllana</strong></span> <span class='ocrx_word' id='word_1_322' title='bbox 935 3900 1052 3955; x_wconf 68' lang='lat' dir='ltr'><strong>victorin</strong></span> <span class='ocrx_word' id='word_1_323' title='bbox 1072 3898 1194 3969; x_wconf 81' lang='lat' dir='ltr'><strong>adjutor,</strong></span> <span class='ocrx_word' id='word_1_324' title='bbox 1215 3895 1307 3950; x_wconf 83' lang='lat' dir='ltr'><strong>Domi·</strong></span> 
     </span>
     <span class='ocr_line' id='line_1_39' title="bbox 254 3975 1307 4053; baseline 0.002 -25"><span class='ocrx_word' id='word_1_325' title='bbox 254 3975 315 4029; x_wconf 73' lang='lat' dir='ltr'><strong>De.</strong></span> <span class='ocrx_word' id='word_1_326' title='bbox 329 3997 345 4030; x_wconf 85' lang='lat' dir='ltr'>x</span> <span class='ocrx_word' id='word_1_327' title='bbox 358 3995 365 4029; x_wconf 73' lang='grc' dir='ltr'><em>τ</em></span> <span class='ocrx_word' id='word_1_328' title='bbox 378 3977 445 4031; x_wconf 79' lang='lat' dir='ltr'><strong>Ceae</strong></span> <span class='ocrx_word' id='word_1_329' title='bbox 455 3983 497 4049; x_wconf 80' lang='lat' dir='ltr'><strong>qai</strong></span> <span class='ocrx_word' id='word_1_330' title='bbox 506 3980 714 4033; x_wconf 67' lang='lat' dir='ltr'><strong>amimtd&#39;abord</strong></span> <span class='ocrx_word' id='word_1_331' title='bbox 724 3986 763 4033; x_wconf 79' lang='lat' dir='ltr'><strong>e&#39;te&#39;</strong></span> <span class='ocrx_word' id='word_1_332' title='bbox 802 3983 868 4034; x_wconf 88' lang='lat' dir='ltr'><strong>tium</strong></span> <span class='ocrx_word' id='word_1_333' title='bbox 879 4021 887 4050; x_wconf 89' lang='lat'><strong>,</strong></span> <span class='ocrx_word' id='word_1_334' title='bbox 899 3983 992 4036; x_wconf 69' lang='lat' dir='ltr'><strong>Cinnae</strong></span> <span class='ocrx_word' id='word_1_335' title='bbox 1005 3997 1150 4053; x_wconf 81' lang='lat' dir='ltr'><strong>generum,</strong></span> <span class='ocrx_word' id='word_1_336' title='bbox 1162 3978 1191 4031; x_wconf 89' lang='lat' dir='ltr'><strong>in</strong></span> <span class='ocrx_word' id='word_1_337' title='bbox 1206 3975 1307 4040; x_wconf 72' lang='lat' dir='ltr'><strong>Africa,</strong></span> 
     </span>
     <span class='ocr_line' id='line_1_40' title="bbox 254 4057 1307 4134; baseline 0.004 -27"><span class='ocrx_word' id='word_1_338' title='bbox 254 4075 388 4127; x_wconf 71' lang='lat' dir='ltr'><strong>eemnpus</strong></span> <span class='ocrx_word' id='word_1_339' title='bbox 402 4077 451 4128; x_wconf 79' lang='lat' dir='ltr'><strong>poe</strong></span> <span class='ocrx_word' id='word_1_340' title='bbox 468 4059 530 4113; x_wconf 75' lang='lat' dir='ltr'><strong>leros</strong></span> <span class='ocrx_word' id='word_1_341' title='bbox 545 4061 670 4123; x_wconf 60' lang='lat' dir='ltr'><strong>rudem,</strong></span> <span class='ocrx_word' id='word_1_342' title='bbox 686 4062 760 4130; x_wconf 78' lang='lat' dir='ltr'><strong>lesu·</strong></span> <span class='ocrx_word' id='word_1_343' title='bbox 803 4062 874 4116; x_wconf 87' lang='lat' dir='ltr'><strong>bello</strong></span> <span class='ocrx_word' id='word_1_344' title='bbox 885 4063 1106 4134; x_wconf 77' lang='lat' dir='ltr'><strong>persequebatur3</strong></span> <span class='ocrx_word' id='word_1_345' title='bbox 1119 4077 1172 4132; x_wconf 86' lang='lat' dir='ltr'><strong>quo</strong></span> <span class='ocrx_word' id='word_1_346' title='bbox 1183 4057 1254 4113; x_wconf 82' lang='lat' dir='ltr'><strong>victo</strong></span> <span class='ocrx_word' id='word_1_347' title='bbox 1265 4057 1307 4110; x_wconf 86' lang='lat' dir='ltr'><strong>in·</strong></span> 
     </span>
    </p>
   </div>
   <div class='ocr_carea' id='block_1_5' title="bbox 0 0 1460 4661">
    <p class='ocr_par' dir='ltr' id='par_1_7' title="bbox 0 0 1460 4661">
     <span class='ocr_line' id='line_1_41' title="bbox 0 0 1460 4661; baseline 0 0"><span class='ocrx_word' id='word_1_348' title='bbox 0 0 1460 4661; x_wconf 95' lang='lat' dir='ltr'><strong> </strong></span> 
     </span>
    </p>
   </div>
  </div>
 </body>
</html>
