2938 4654
615 413 911 483 JUGURTHA.
1210 413 1310 492 265.

215 546 368 641 fossaque
385 547 507 615 moenia
526 545 752 616 circumvenit.
768 547 898 616 Deinde
921 544 1002 616 locis
1023 571 1064 616 ex
1086 533 1202 643 copia³
1215 575 1287 620 nta-

215 679 315 723 xnme
327 653 503 724 idoneis
472 677 584 723 vincas
601 677 721 748 agere,
740 677 894 749 aggerem
908 640 1049 747 jecnal,
1065 667 1098 723 et
1113 680 1213 750 super
1227 681 1286 753 ag·

217 785 328 853 geram
362 762 523 856 impositis
558 761 730 846 turribus,
760 785 846 856 opus
870 775 905 830 et
929 761 1140 831 administros
1173 765 1286 833 tutari.

217 869 344 935 Contra
356 867 428 937 haec
443 851 620 963 oppidani⁵
639 813 795 937 festiitare
800 891 961 963 ,patare:
954 893 1114 964 prorsus
1130 869 1173 938 ab
1189 873 1287 942 utris·

216 997 279 1067 que
304 972 387 1042 nihil
409 972 571 1068 reliquum
599 973 678 1042 fieri.
704 976 857 1069 Denique
884 977 1049 1062 Romani,
1073 975 1178 1046 multo
1208 993 1287 1048 ante

217 1065 351 1148 Ιιιὶιοιε6
369 1079 554 1175 ptaeliisquc
576 1080 720 1175 fatigati,
739 1097 815 1177 post
835 1081 904 1150 dies
928 1081 1168 1200 quadraginta,
1185 1108 1285 1202 quarn

218 1210 259 1254 eo
279 1201 418 1256 ventum
445 1202 517 1255 erat
528 1187 687 1282 ,oppido
717 1188 820 1257 modo
852 1189 972 1282 potiti:
998 1189 1108 1282 praeda
1134 1192 1287 1259 omnisa

216 1292 362 1388 perfitgis
389 1307 556 1389 corrupta.
580 1295 609 1362 Ii
628 1307 804 1389 postquam
829 1319 964 1364 murum
987 1295 1143 1364 arietibus
1163 1295 1287 1385 feriril,

257 1505 283 1558 3.
299 1505 343 1556 Ee
356 1508 434 1576 copto.
448 1505 487 1558 Ex
500 1504 577 1576 copia
590 1523 636 1558 seu
650 1505 730 1558 lacul-
772 1503 901 1577 oppidani
916 1482 974 1559 telis
992 1505 1144 1578 sagittisque
1159 1505 1285 1578 peteban-

218 1596 271 1637 tate
292 1603 372 1657 quam
395 1584 476 1638 dabat
498 1583 591 1658 oppidi
614 1585 728 1658 positio,
772 1597 829 1652 tur,
843 1599 873 1638 ut
897 1585 991 1639 arietes
1014 1587 1128 1657 aliasque
1151 1585 1287 1639 machinas

217 1676 243 1716 et
258 1665 307 1717 soli
320 1677 421 1718 natura.
435 1663 506 1717 Vide
521 1685 579 1738 sup.
596 1665 729 1730 XXXIX,
772 1677 831 1718 tuto
853 1665 993 1719 admovere
1009 1667 1108 1720 liceret.
1129 1664 1200 1720 Vide
1220 1667 1285 1739 Lip-

217 1742 322 1815 quaeda
337 1745 388 1797 hoc
404 1746 547 1808 vocabulo,
561 1749 643 1816 copia,
658 1744 729 1798 dicta
773 1745 858 1811 sium,
870 1747 929 1799 looo
942 1746 1031 1799 citato.

216 1826 277 1878 sint.
296 1825 366 1878 Cave
387 1826 469 1897 igitur
487 1845 522 1878 ne
542 1825 685 1898 intelligas,
700 1838 729 1878 ut
816 1827 840 1878 5.
854 1826 945 1880 Contra
957 1827 1008 1878 lsoec
1016 1827 1138 1898 oppidani.
1147 1825 1218 1880 vide
1226 1846 1285 1900 sup.

216 1905 286 1977 trip,
297 1926 327 1958 ea
337 1906 488 1958 multitudine
500 1907 619 1971 locorum,
630 1923 729 1971 seu,es
771 1904 836 1970 LX,
850 1925 876 1958 ιι.
895 1927 928 1970 a,
942 1924 1001 1978 quse
1016 1905 1050 1960 de
1061 1906 1216 1979 hujusmodi
1229 1906 1288 1962 des·

215 1985 321 2038 omnibus
334 1987 402 2040 locis
772 1985 903 2056 criptione
922 1987 1083 2040 monuimus.

257 2072 283 2130 4.
300 2065 424 2136 Aggemm
430 2068 521 2137 jacere.
535 2062 673 2138 Ejusmodi
684 2083 729 2136 ag·
813 2068 840 2119 6.
864 2066 946 2118 Multo
971 2078 1027 2118 onte
1051 2067 1138 2118 labore.
1165 2067 1287 2138 intellige

219 2163 265 2216 ger
288 2164 343 2198 non
365 2145 436 2200 idern
456 2159 511 2212 est,
530 2165 608 2218 quent
629 2143 728 2198 descri-
771 2163 827 2196 non
843 2145 917 2196 multo
936 2157 1005 2207 onte,
1022 2144 1068 2198 sed
1090 2147 1175 2198 multo
1195 2147 1286 2199 labore
1392 2141 1396 2150 ¹

216 2226 317 2298 psimus
327 2245 386 2299 sup.
399 2227 509 2292 XXIII,
521 2225 555 2279 ad
568 2225 648 2278 verba
660 2226 729 2276 oudo
772 2237 799 2277 et
807 2225 898 2276 multis
905 2225 1017 2296 preliis,
1026 2238 1153 2297 antequam
1161 2226 1241 2278 urbem
1249 2247 1286 2278 ce·

215 2318 286 2379 atque
293 2309 373 2373 sossa.
385 2307 475 2376 Agger
485 2326 531 2360 seu
543 2306 636 2358 oollam
649 2324 728 2377 supra
769 2307 861 2374 periret,
869 2304 1012 2376 fatigati-
1022 2305 1120 2377 Oppido
1129 2306 1198 2357 modo
1201 2309 1286 2377 potiti.

216 2385 280 2439 dicti
298 2387 392 2458 capitis
407 2385 441 2438 ad
456 2387 530 2439 urbis
545 2385 728 2439 circumvalla·
771 2383 834 2436 Solo
846 2382 963 2457 oppido,
976 2403 1031 2438 non
1042 2384 1131 2456 praeda
1142 2404 1201 2457 qua
1212 2385 1240 2438 in
1252 2405 1285 2438 eo

215 2465 315 2519 tionem
326 2465 490 2528 instituitur(
501 2467 566 2520 Cns.
577 2467 607 2518 B.
619 2466 652 2518 G.
665 2466 728 2531 Vll,
771 2476 840 2528 erat,
854 2464 933 2536 potiti
943 2479 1019 2534 sunu
1029 2483 1091 2518 nam
1102 2466 1213 2518 omnisa
1224 2485 1285 2534 per-

217 2565 271 2615 7²3
285 2559 383 2599 nostrae
404 2544 445 2599 ed.
468 2547 521 2598 rol.
534 2565 560 2611 1,
575 2565 601 2618 p.
628 2547 683 2614 ³69
699 2543 728 2611 );
771 2544 840 2614 fugis
853 2556 979 2614 corrupto,
993 2545 1012 2598 i.
1025 2564 1048 2598 e.
1063 2544 1147 2600 deleta
1161 2558 1209 2600 est.
1224 2545 1284 2600 seit.

216 2627 305 2697 Agger
314 2637 402 2680 autem
415 2625 449 2679 de
461 2645 515 2698 quo
527 2637 636 2678 nuncet
648 2643 727 2698 supra
770 2623 888 2696 perfugis
896 2625 968 2678 nulla
977 2645 1037 2697 spes
1047 2627 1130 2679 venie
1141 2638 1211 2691 erat,
1221 2645 1287 2698 quo-

215 2705 366 2772 XXXVII,
382 2725 409 2759 n.
428 2709 461 2772 5,
477 2725 532 2759 non
548 2707 617 2758 circa
633 2706 727 2758 urbem
771 2723 825 2776 quo
842 2702 922 2757 modo
936 2707 999 2758 urbs
1015 2707 1044 2759 in
1059 2706 1160 2759 Metelli
1170 2719 1285 2778 potesta·

216 2781 310 2839 dumus
322 2798 377 2851 est,
388 2784 434 2839 sed
449 2783 459 2848 (
472 2787 545 2857 Lips.
559 2786 672 2840 Poliorc.
687 2803 727 2850 ιι,
771 2797 825 2838 tem
840 2797 950 2842 ventura
964 2798 1038 2839 esset.
1056 2787 1142 2859 Atque
1157 2787 1284 2852 omnino,

218 2861 254 2929 3)
273 2893 284 2914 ι
303 2877 404 2920 terrens
423 2865 549 2938 quidam,
563 2877 589 2918 et
607 2866 656 2918 alia
674 2885 728 2918 nra-
771 2865 901 2932 obsessos,
911 2865 959 2918 ubi
972 2867 1090 2937 primum
1102 2867 1168 2920 aries
1177 2885 1285 2920 murum
1382 2931 1384 2936 Ι

217 2947 281 3000 terie
294 2947 389 3014 mixta,
404 2965 499 3001 mons..
502 2964 620 3018 .,quen1
635 2945 727 3017 paula-
770 2945 955 3016 percussisset,
976 2945 1003 2998 in
1027 2945 1192 3000 deditionem
1217 2947 1285 3002 acci·

215 3027 264 3078 tim
283 3027 377 3080 urbem
392 3045 482 3081 versus
497 3023 681 3098 producebant
701 3039 728 3079 et
770 3045 834 3097 pere
842 3045 900 3078 mos
910 3045 964 3078 non
976 3039 1044 3088 erat,
1054 3040 1084 3080 ut
1095 3045 1191 3098 oonpcr
1198 3039 1285 3099 potest

216 3105 384 3172 attollebant,
397 3120 428 3160 ut
448 3126 481 3160 ex
503 3107 556 3160 alto
577 3119 727 3179 pugnarent
770 3125 802 3158 ex
817 3106 869 3158 hoe
885 3104 949 3160 Ces.
967 3107 997 3160 B.
1014 3107 1048 3160 G.
1065 3125 1104 3172 ιι,
1123 3109 1172 3168 32,
1189 3109 1242 3160 vol.
1256 3127 1283 3175 ι,

214 3198 241 3238 et
260 3198 346 3241 turres
360 3187 398 3240 iti
420 3187 647 3242 constituerent.
665 3186 727 3239 tine
770 3205 797 3256 p.
810 3189 891 3254 96:
907 3173 1033 3248 Adhuc(
1046 3205 1081 3239 sc.
1092 3205 1150 3258 quse
1162 3188 1286 3242 Atuatuci

215 3265 259 3319 tlle
268 3279 294 3319 et
302 3268 388 3320 multo
396 3267 482 3339 plura.
492 3265 562 3319 Vide
571 3266 651 3319 etism
660 3267 725 3338 Veg.
771 3266 804 3318 ab
825 3265 871 3317 illo
893 3266 991 3319 obsessi
1012 3262 1180 3358 petiverant)
1197 3268 1284 3321 Caesar

216 3363 259 3407 tv,
276 3347 324 3412 1⁵3
338 3360 364 3400 et
377 3346 442 3400 Cres.
457 3348 486 3400 B.
500 3347 535 3400 G.
547 3365 583 3412 ιι,
598 3365 646 3412 ta,
659 3364 686 3398 n.
699 3347 726 3413 5,
769 3343 922 3416 respondit,
941 3364 968 3398 se
989 3347 1071 3417 magis
1093 3345 1284 3400 oensuetudine

214 3444 242 3496 p.
254 3428 368 3494 80,vol.
381 3445 451 3480 t.-·
464 3427 587 3480 Tum'htu.
602 3425 728 3479 Ambuls·
771 3443 815 3477 sua
830 3443 910 3496 quam
926 3425 1022 3477 merito
1038 3444 1131 3478 eorum
1150 3423 1283 3479 ciuitatem

215 3505 291 3559 toriis
301 3507 415 3570 scilicet,
428 3505 571 3579 dequibus
581 3525 639 3578 sup.
649 3505 726 3572 XXI,
770 3517 1001 3570 conservaturum,
1020 3504 1041 3557 si
1059 3509 1199 3578 pruisquam
1221 3511 1283 3560 ort'es

215 3603 244 3636 n.
262 3588 417 3658 6.-0pus
431 3599 456 3639 et
469 3589 620 3640 administros
642 3590 724 3639 tutori.
771 3603 862 3637 murum
883 3588 1018 3654 attigisset,
1030 3603 1059 3638 se
1077 3583 1248 3639 dedidissent.
1268 3611 1279 3634 s

215 3665 286 3718 Dum
301 3667 429 3738 paulatim
449 3679 547 3720 terram
562 3663 726 3739 aggerendo,
811 3684 837 3734 7.
847 3664 1055 3733 Arietihussert'rt'.
1064 3665 1201 3718 Arieserat
1213 3666 1286 3719 trabs

216 3743 244 3796 in
260 3746 340 3799 fossas
354 3745 423 3818 ipsas
438 3759 465 3800 et
483 3767 567 3820 nsque
587 3745 622 3800 ad
636 3765 726 3800 muros
769 3743 1171 3818 pregrandis,validisf1mibus
1185 3764 1218 3798 ex
1233 3746 1284 3798 alis

215 3842 335 3897 aggerem
344 3827 727 3897 promovebant,interitntur·
769 3826 843 3878 trabe
856 3825 885 3877 in
900 3826 1007 3880 trutina
1023 3823 1134 3878 modum
1147 3843 1281 3897 suspense.

215 3905 467 3959 resmobilesinillo
480 3925 572 3979 aggere
582 3907 724 3978 impositu,
768 3906 795 3958 Is
807 3924 901 3976 magna
912 3907 1032 3959 virorum
1046 3924 1125 3958 manu
1136 3917 1282 3958 retrorsum
1312 3951 1319 3968 ,
1351 3967 1357 3980 ἱ

216 3994 312 4038 etcum
321 3985 379 4058 ipso
388 3985 576 4058 procedentes,
587 4005 725 4059 opusope·
769 3983 912 4048 adductus,
929 3986 1069 4057 statimque
1078 3995 1107 4038 'et
1120 3985 1230 4057 proprio
1241 4003 1283 4038 re·

214 4077 353 4136 tantasque
376 4067 527 4122 tuebantur.
550 4067 620 4121 Nam
640 4085 672 4120 ex
692 4066 726 4122 iis
768 4066 860 4122 labens
877 4065 1009 4138 pondere,
1026 4078 1053 4120 et
1070 4083 1173 4119 summa
1187 4065 1283 4137 impel-
