2950 4648
560 374 906 442 FRAGMENTA.
1185 373 1259 459 445

202 495 282 566 dum
298 498 537 591 Sallustium,a
552 505 646 576 Mida
659 505 893 576 Dardanorum
909 529 1003 600 rege,
1017 504 1074 598 qui
1085 503 1260 601 Phrygiam

204 607 318 674 tenuit.
341 609 446 678 Idem.

254 710 424 786 Sallustius
441 715 584 812 Scyllam
603 741 717 788 sanum
732 743 802 812 esso
819 718 914 802 dicit,
928 715 1032 786 simile
1051 716 1166 787 formas
1179 717 1261 788 cele.-

202 805 338 886 bratae⁸⁷
361 822 477 916 procul
499 825 688 895 visentibus.
711 825 817 895 Idem.

256 924 296 992 In
318 927 427 998 Sicilia
448 945 498 999 est
515 917 745 1019 Enceladus⁸⁸,
759 931 869 1001 Othus
890 933 925 999 in
944 933 1060 1020 Creta,
1082 929 1262 1000 secundum

204 1027 402 1104 Sallustium.
425 1036 529 1106 Idem.

257 1136 428 1212 Sallustius
444 1145 505 1238 ait,
524 1145 747 1238 Hispanorum
769 1167 896 1213 morem
915 1128 1058 1229 luisse⁸⁹,
1076 1158 1114 1211 ut
1130 1145 1164 1211 in
1179 1143 1263 1213 bella

206 1245 360 1415 Euntibus
378 1249 555 1342 juvenibus
576 1265 750 1344 parentum
769 1249 855 1319 facta
877 1263 1103 1318 memorentur
1121 1273 1140 1316 a
1160 1253 1268 1319 matri·

231 1372 276 1418 us.
299 1352 405 1424 Idem.

260 1458 384 1547 Orion,
402 1466 496 1554 juxta
517 1461 724 1550 Sallustium,
742 1465 847 1532 oritur
861 1464 956 1557 juxta
969 1460 1049 1542 'solis
1068 1464 1171 1531 estivi
1189 1461 1265 1558 pul-

206 1562 321 1632 sum⁹⁰.
343 1566 448 1636 Idem.

260 1670 300 1737 In
314 1671 472 1743 Flaminia
484 1689 534 1745 est
549 1676 679 1764 civitas,
692 1699 765 1769 quae
780 1674 859 1744 Cale
873 1675 1010 1762 dicitur,
1025 1689 1058 1744 et
1075 1676 1109 1743 in
1124 1674 1230 1745 Gallia
1239 1675 1264 1714 ⁹¹

207 1871 267 1938 cia,
282 1871 350 1927 ultra
361 1875 557 1943 Macedoniam,
566 1878 653 1950 primo
668 1879 715 1932 ha·
760 1877 960 1948 consepultum
977 1875 1038 1929 ride
1049 1877 1123 1948 Virg.
1134 1895 1185 1944 ιιι,
1200 1879 1265 1948 578.

209 1951 335 2008 bitavsre.
355 1955 378 2007 Ii
392 1957 460 2010 iuter
476 1957 574 2030 Brygos
594 1958 717 2024 hrenum,
760 1989 800 2000 -
824 1958 911 2010 ortus.
940 1957 1017 2009 Mons
1041 1957 1069 2008 in
1093 1957 1190 2021 Creta,
1216 1959 1265 2010 sub

212 2032 277 2102 qui,
291 2045 355 2088 teste
370 2034 522 2104 Herodoto,
538 2056 596 2103 vn,
614 2056 645 2092 ex
661 2022 716 2089 Eir-
760 2035 1266 2108 quosimiliterobrutuslingiturOthus,

211 2129 277 2183 ropa
292 2115 320 2166 in
335 2117 402 2168 Asis!
416 2129 518 2188 partem
531 2155 539 2183 ,
552 2135 611 2188 quc
624 2119 657 2170 ab
671 2135 716 2170 eo·
760 2117 806 2188 qui
831 2134 891 2169 cum
914 2117 994 2168 fratre
1017 2115 1139 2186 Ephialte
1166 2117 1267 2169 bellum

210 2209 270 2244 rum
277 2196 717 2268 nomiueleviterimmutatoPhry·
759 2196 821 2248 Jovi
842 2195 947 2261 intulit,
963 2195 1128 2267 Dianamque
1142 2209 1169 2248 et
1181 2197 1266 2249 luno·

209 2270 251 2342 gia
266 2270 336 2327 dicta
351 2289 403 2340 est,
423 2278 574 2348 transgressi
599 2289 668 2330 sunt.
694 2280 716 2328 Α
760 2295 822 2328 nem
840 2296 870 2328 ex
887 2278 942 2347 ejus
958 2275 1016 2327 aula
1036 2273 1167 2328 abducere
1182 2288 1267 2329 tenta·

210 2349 340 2406 Dardanis
366 2353 499 2409 Dardania
526 2354 595 2409 dicta
621 2357 717 2428 regio,
760 2357 806 2408 vit.
825 2357 864 2408 De
881 2355 954 2408 Otho
969 2368 995 2407 et
1014 2355 1136 2426 Ephialte
1160 2355 1266 2410 Servius

211 2431 258 2483 uhi
276 2433 356 2506 Trojs
378 2434 502 2508 deinceps
524 2434 631 2490 condita
657 2437 716 2490 luit.
759 2435 832 2488 huuc
846 2453 952 2489 versum
974 2435 1098 2506 intelligit
1116 2435 1213 2507 Georg.
1237 2455 1265 2500 r,

212 2510 253 2563 De
272 2513 318 2566 Br.
344 2533 397 2579 ιιι,
420 2515 466 2584 95.
490 2517 600 2588 Reliqua
623 2516 718 2570 sabulos
764 2517 838 2568 280:

211 2604 352 2658 sunlfllon
368 2594 493 2648 historia
506 2596 590 2649 Porro
603 2597 717 2649 fabulam
760 2604 785 2644 Et
795 2603 984 2658 eonjuntcseoelum
993 2604 1102 2643 rescindere
1112 2603 1187 2643 intres.
1282 2663 1286 2668 Ι

211 2685 337 2743 ’equum'
347 2687 385 2726 ‘⁸‘
396 2675 471 2746 νὴ·
482 2676 510 2728 ῙΠ
519 2673 645 2742 Εΰθῑᾶθι
654 2679 719 2729 Dar·
760 2689 874 2744 Eosdem
888 2690 976 2743 innuit
984 2691 1059 2761 Virg.
1068 2691 1131 2741 AEu.
1141 2708 1183 2756 vr,
1197 2689 1264 2744 582:

212 2748 312 2805 dmum
335 2771 412 2806 ‘uum
437 2773 469 2808 ΟΧ
490 2756 629 2827 (30Ὗὼοι
652 2757 719 2810 urbe
762 2777 918 2818 llicethloidss
926 2777 1127 2829 gommonitorium·
1135 2776 1175 2816 vidi

212 2829 339 2896 Etrurioe,
350 2833 493 2887 oriundum
505 2835 609 2889 faciens.
620 2838 659 2890 De
666 2855 719 2908 qua
761 2849 905 2902 corpamqni
913 2849 1003 2888 nuntius
1012 2861 1104 2900 ιιιμιω
1113 2848 1223 2888 asenam
1232 2863 1268 2890 ω

213 2911 315 2982 origiue
329 2911 391 2966 vide
403 2912 546 2968 doctissim.
563 2915 672 2988 lleyne,¹
685 2915 719 2968 ad
828 2920 868 2959 tun

214 2991 320 3044 AEneid
335 3011 383 3059 111,
394 2993 501 3050 Egcffl·
517 3013 555 3048 ῃ,
629 3033 631 3041 ,
763 2991 989 3044 Δηιειιὶμηιειὶηιιε
999 2987 1068 3028 dorem
1080 2989 1183 3029 detrudere
1197 2993 1270 3042 reguis.

256 3073 302 3142 87.
320 3073 416 3126 Forma
429 3073 561 3128 celebrata.
576 3075 680 3128 Scilicet
695 3076 720 3128 ei
762 3070 827 3124 Vid.
838 3069 960 3143 Apollod.
977 3089 1002 3135 1,
1015 3089 1047 3142 73
1060 3071 1100 3122 De
1110 3069 1155 3123 Br.
1168 3089 1210 3138 ιι,
1224 3091 1270 3142 ²7.

214 3149 332 3218 lom,
358 3172 438 3225 quam
468 3152 606 3226 descripsit
631 3167 721 3226 postea
805 3153 850 3219 89.
858 3151 1020 3220 Hispanorum
1029 3169 1115 3201 morem
1121 3151 1203 3216 suasu
1212 3151 1269 3206 Hoc

217 3230 385 3303 Virgilian.
400 3251 449 3298 nr,
464 3239 519 3298 426
533 3251 541 3286 :
763 3231 879 3283 reseram
889 3228 922 3281 td
932 3249 961 3282 ea
970 3247 1028 3300 qun
1034 3233 1088 3300 jam
1100 3228 1180 3294 dixit,
1190 3249 1268 3302 supra

214 3309 278 3350 Prin·
287 3311 370 3353 hausistis
381 3314 557 3368 ladesetpulehro
565 3323 644 3367 pectore
654 3315 715 3366 virgo.
764 3309 811 3362 lib,
825 3310 865 3373 H,
878 3327 906 3361 n,
922 3310 974 3362 13:
990 3327 1064 3380 mque
1077 3313 1199 3378 virgum,
1218 3323 1267 3365 ete,

217 3387 303 3442 Unda
317 3404 427 3461 angusto
440 3391 508 3444 freto
528 3403 683 3456 aestuantes,
696 3403 722 3444 et
807 3406 849 3457 9⁰·
861 3388 925 3441 Solis
937 3391 1013 3440 estivi
1020 3387 1123 3457 pulsum.
1138 3389 1270 3442 AEstivum

216 3469 361 3523 vorticibus
370 3471 651 3537 eollisae,etfluctuum
661 3471 722 3541 pul·
765 3467 914 3521 solstitium.
931 3467 998 3519 Nam
1014 3464 1088 3538 quod
1102 3466 1201 3520 Graecis
1216 3489 1270 3540 τρο-

216 3567 247 3602 ιιι
262 3551 412 3603 resouantis
427 3569 486 3604 saxa
501 3551 621 3623 opinioni
634 3550 723 3604 locum
765 3548 815 3614 ori,
828 3545 855 3600 id
870 3547 970 3600 Latinis
979 3547 1063 3617 palsas
1076 3544 1182 3599 dicitur.
1191 3547 1270 3603 Thes.

217 3626 369 3694 dederuut,
388 3629 433 3683 hic
452 3629 523 3684 diras
544 3643 723 3684 monstrorum
766 3628 834 3680 hob.
849 3627 939 3700 Steph.

217 3708 297 3762 facies
315 3710 412 3775 latere,
430 3723 457 3764 et
470 3709 619 3764 horrendos
638 3709 724 3763 audiri
809 3725 854 3777 91.
871 3708 901 3760 In
917 3707 1011 3761 Gallia.
1026 3705 1164 3759 Existimat
1175 3707 1214 3758 De
1224 3707 1270 3760 Br.

218 3806 314 3841 cauum
328 3789 446 3844 latratus.
463 3789 527 3843 vid.
548 3809 606 3862 sup.
625 3809 653 3842 u.
676 3791 722 3844 65.
767 3805 823 3854 111,
840 3806 895 3858 79,
921 3786 1073 3840 Sallustium
1094 3786 1227 3858 scripsisse
1247 3793 1273 3840 ia

259 3871 306 3923 88.
327 3869 471 3924 Enceladus.
490 3870 568 3923 Mons
590 3867 623 3922 ad
636 3871 724 3923 orien·
771 3863 916 3930 Gallaecia(
933 3885 969 3920 atr
985 3884 1098 3918 canton
1110 3862 1140 3930 ),
1158 3867 1199 3919 vel
1214 3885 1272 3922 eam

219 3961 273 4001 tem
289 3947 350 4002 freti
366 3947 465 4002 Siculi:
483 3951 524 4002 De
541 3950 587 4012 Br.
606 3969 653 4014 tv,
679 3951 723 4004 56.
769 3949 902 4019 Hispanias
912 3947 1046 4018 regionem
1059 3945 1151 4000 Gallia
1163 3947 1271 4000 nornine

218 4026 325 4082 Fabula
336 4029 636 4102 gigantemfaciuntsub
647 4032 725 4088 AEtua
770 4027 925 4100 designasse.
957 4027 1025 4080 Nam
1051 4027 1078 4080 in
1101 4044 1162 4079 vera
1188 4026 1274 4083 Gellia
