2938 4654
267 392 341 469 256
524 399 563 469 C.
592 397 769 468 CRISPl
797 398 1077 468 SALLUSTII

264 528 489 626 superioribus
522 531 792 601 circumventam.
818 531 871 600 lbi
898 531 1041 620 milites,
1069 530 1172 600 fessos
1206 528 1331 597 itineris

262 637 507 732 magnitudine,
527 652 560 706 et
582 639 657 732 jam·
678 638 860 708 abnuentes
882 626 1024 725 omnial,
1046 637 1145 707 docet
1169 635 1331 730 oppidum

263 745 413 814 Vaceam
430 769 498 814 non
515 744 657 840 amplius·
675 743 764 815 mille
780 731 956 841 passuum⁵
970 745 1104 814 abesse:
1121 743 1238 812 decere
1259 739 1331 809 illos

262 849 425 945 reliquum
440 850 587 922 laborem
604 877 699 947 aequo
714 855 824 921 animo
838 853 924 947 pati,
933 851 1012 920 dum
1028 877 1091 946 pro
1106 850 1233 919 civibus
1247 849 1331 934 suis,

262 957 341 1026 viris
361 957 556 1028 fortissumis
573 974 672 1053 atque
688 960 904 1046 miserrumis,
918 983 1033 1052 poenas
1048 971 1229 1052 caperent:
1247 979 1331 1050 prae·

261 1077 353 1132 terea
372 1065 518 1160 praedam
536 1065 678 1160 benigne
699 1079 851 1136 ostentat.
871 1069 924 1134 Ita
944 1066 1062 1133 animis
1080 1089 1196 1134 eorum
1216 1085 1329 1131 arrec-

145 1227 151 1237 .
260 1172 319 1253 tis,
346 1173 472 1265 equites
495 1175 529 1240 in
552 1157 682 1268 primo⁶
704 1172 784 1260 late,
802 1172 928 1266 pedites
952 1195 1052 1265 quam
1075 1173 1248 1239 artissume
1265 1170 1330 1254 ire,

260 1279 354 1372 signa
376 1277 543 1348 occultare
563 1279 666 1372 jubet.

314 1387 438 1454 LXIX.
467 1387 654 1455 Vacoenscs
671 1386 728 1455 ubi
750 1385 900 1454 animum
919 1384 1118 1470 advortere,
1135 1383 1177 1452 ad
1198 1406 1233 1450 se
1252 1405 1328 1449 vor·

259 1514 332 1559 sum
354 1493 536 1560 exercitum
557 1515 717 1586 pergere,
737 1493 866 1587 prime,
887 1493 937 1560 uti
958 1506 1030 1559 erat
1051 1515 1123 1579 res,
1153 1485 1327 1558 Metellum

257 1599 343 1684 rati,
370 1611 484 1691 portas
507 1597 674 1666 clausere:
697 1598 834 1686 deinde,
857 1598 915 1666 ubi
937 1622 1045 1691 neque
1066 1621 1164 1691 agros
1185 1596 1327 1681 vastari,

259 1716 293 1770 et
313 1727 387 1791 eos,
405 1705 461 1798 qui
481 1706 579 1798 primi
597 1703 750 1793 aderant,
772 1705 934 1774 Numidas
948 1707 1074 1799 equites
1093 1701 1239 1790 vident¹3
1254 1726 1327 1769 rur-

258 1831 332 1877 sum
353 1811 553 1905 Jugurtham
573 1811 740 1899 arbitrati,
756 1835 833 1881 cum
852 1836 974 1907 magno
996 1809 1116 1906 gaudio
1133 1809 1223 1878 obvii
1245 1833 1328 1902 pro-

258 1914 389 1984 cedunt.
410 1919 546 2010 Equites
566 1917 778 2014 peditesque,
794 1934 931 2015 repente
950 1919 1044 2012 signo
1066 1916 1159 2004 dato,
1177 1915 1232 1983 alii
1254 1912 1326 1982 vol·

259 2021 355 2116 gum²
378 2023 522 2094 effusum
551 2023 675 2120 oppido
700 2025 842 2115 caedere3
867 2024 922 2094 alii
948 2024 990 2094 ad
1012 2038 1126 2119 portas
1152 2023 1326 2108 festinare3

256 2153 334 2224 pars
349 2145 457 2200 turres
478 2155 618 2226 capere:
638 2133 688 2200 ira
710 2147 809 2226 atque
827 2134 947 2228 praedae
969 2157 1043 2226 spes
1062 2127 1203 2225 amplius
1224 2151 1326 2222 quam

256 2235 414 2306 lassitudo
437 2263 541 2333 posse.
561 2241 613 2307 Ita
634 2241 822 2309 Vaccenses
849 2239 988 2308 biduum
1010 2236 1111 2306 modo
1129 2261 1170 2304 ex
1188 2233 1326 2330 perfidia

256 2339 379 2412 letati:
402 2347 518 2414 civitas
540 2367 661 2441 magna
686 2361 721 2414 et
742 2345 881 2440 opulens
899 2369 1005 2441 poenae
1023 2357 1144 2414 cuncta
1167 2357 1225 2410 aut
1242 2365 1326 2436 prae-

255 2563 297 2598 res
313 2548 347 2600 ab
365 2557 428 2600 ortu
446 2548 508 2602 solis
527 2546 562 2600 ed
580 2566 702 2602 occasum
716 2566 768 2600 nu·
812 2549 894 2619 Vulg.
910 2545 971 2602 edd.
986 2559 1014 2602 et
1032 2548 1118 2602 nostri
1136 2565 1229 2600 omnes
1247 2544 1323 2600 MSS.

255 2627 393 2679 merebant
408 2628 533 2688 Romani,
551 2628 685 2680 breviores
695 2626 769 2680 ride·
811 2631 836 2678 in
845 2631 924 2698 primo
933 2629 1015 2680 latere.
1025 2627 1106 2692 Quod
1117 2629 1256 2680 manifesto
1264 2645 1324 2680 cor·

253 2705 669 2775 licethieme,aestatelongiores.
678 2706 768 2760 Prima
810 2719 921 2777 ruptum
940 2721 992 2764 est,
1015 2708 1070 2760 sive
1090 2706 1235 2759 ablativum
1248 2707 1325 2760 intel·

254 2802 316 2837 cum
329 2785 384 2836 sole
397 2784 545 2846 oriebatur,
558 2785 693 2856 tertiaque
705 2785 767 2839 linis
809 2785 886 2856 ligem
905 2805 967 2840 nam
986 2784 1051 2857 quid
1074 2799 1128 2852 est,
1148 2791 1183 2838 ire
1201 2791 1227 2839 ἐπ
1243 2791 1323 2858 primo

253 2866 374 2935 quartam
392 2861 446 2916 diei
459 2877 563 2934 partem
578 2863 695 2918 liniebat.
710 2865 766 2918 Illis
811 2866 903 2918 latere?
923 2867 978 2920 sire
998 2865 1174 2932 infinitivum
1193 2886 1254 2920 uam
1278 2885 1323 2920 eos

253 2943 430 3014 equinoctieli
456 2955 575 3014 tempore
600 2947 671 2995 tertia
693 2957 766 3011 erat,
809 2947 939 3018 conspici,
957 2965 1011 2998 non
1027 2946 1108 2999 latere
1122 2947 1235 3000 volebat.
1249 2947 1322 3000 Gru·

252 3041 312 3096 quas
336 3023 413 3076 nobis
436 3041 508 3075 ποντα.
534 3023 647 3076 Noctem
666 3024 766 3095 pariter
809 3025 1127 3097 terum,Cortium,Bip.
1140 3040 1168 3079 et
1180 3027 1245 3082 alios
1257 3025 1321 3080 doo-

252 3103 281 3156 in
290 3101 432 3156 duodecim
442 3103 520 3156 horas
528 3103 660 3174 longiores
669 3103 767 3172 hieme,
809 3105 923 3159 tissimus
934 3106 1092 3177 interpretes
1103 3107 1248 3178 sequimur.

250 3183 386 3238 breviores
398 3194 500 3248 testate,
515 3179 678 3236 dividebant.
849 3183 914 3238 Cir.
931 3186 1029 3240 LXIX.
1050 3205 1074 3239 r.
1093 3187 1213 3240 Numidas
1234 3193 1322 3259 equites

294 3270 320 3327 4.
334 3264 472 3316 Abnumtes
481 3267 568 3316 omnio.
577 3263 692 3317 Omnem
700 3282 765 3336 ope·
808 3265 901 3319 uideat.
915 3265 993 3318 Nunc
1006 3266 1163 3338 intelligitur
1175 3285 1280 3322 eureos
1293 3269 1320 3322 in

251 3361 308 3398 ram
317 3357 467 3398 recusantes
476 3357 502 3396 et
511 3341 764 3410 detrectantee,non
804 3348 884 3414 primo
904 3346 1008 3416 agmine
1026 3346 1075 3398 late
1089 3347 1128 3399 ire
1145 3348 1254 3417 jusserit
1262 3349 1320 3402 Me·

250 3424 351 3489 verbis,
363 3422 460 3489 credo,
475 3421 522 3476 sed
538 3437 605 3478 nutu
617 3421 705 3497 (quod
722 3426 764 3478 in·
807 3424 893 3478 tellus.
906 3457 947 3468 -
962 3426 1073 3479 Rursum.
1094 3427 1197 3480 Mutata
1211 3427 1239 3478 in
1255 3446 1321 3481 enn-

251 3502 322 3558 dicat
336 3523 388 3558 vox
399 3501 547 3567 damnem)
561 3519 587 3558 et
598 3505 701 3558 inertia.
807 3505 918 3557 trarium
932 3506 1067 3577 opinione.
1080 3507 1183 3558 Rursroe
1195 3506 1268 3560 enim
1279 3521 1320 3562 est

293 3585 317 3638 ⁵.
341 3585 412 3637 Mille
430 3605 554 3656 passuram.
578 3585 661 3638 Nobis
685 3590 761 3654 4449
807 3597 981 3646 moeremus
991 3586 1140 3639 notavimus
1149 3587 1277 3657 sup.1,n.
1289 3591 1316 3643 6.

247 3663 329 3736 pedes
351 3664 490 3730 metricos3
513 3663 575 3716 ideo
597 3661 685 3734 741÷
704 3683 763 3718 sex·
848 3684 873 3718 a.
891 3665 1007 3736 Volgmn.
1023 3661 1097 3720 Bene
1112 3665 1237 3721 admonet
1250 3667 1319 3723 Gor·

247 3742 337 3816 pedes.
350 3743 421 3796 Vide
431 3743 527 3806 Adam,
542 3743 628 3815 Antip.
642 3749 759 3806 romain,
805 3744 858 3798 tius
874 3745 996 3817 antiquos
1011 3747 1110 3817 volgum
1128 3759 1224 3818 quarto
1240 3765 1318 3813 omn,

248 3825 523 3894 modestioresraapoise.
805 3843 885 3896 quem
900 3826 989 3896 ‘uolgus
1009 3845 1055 3880 seu
1077 3827 1166 3896 uulgus
1187 3827 1317 3882 maluisse.

289 3909 316 3960 6.
333 3905 364 3958 In
371 3909 458 3974 primo.
470 3902 583 3974 Agmine
597 3903 705 3956 scilicet.
720 3935 761 3946 -
804 3903 914 3958 Sisenna
925 3906 953 3958 in
967 3907 1070 3978 Fregm.
1084 3906 1164 3962 hist:
1182 3934 1194 3956 ι
1204 3907 1320 3979 Imperi-

249 3983 318 4038 Late.
345 3984 383 4036 Ut
403 3996 463 4056 post
482 4001 527 4036 eos
548 3983 618 4036 irent
642 3981 759 4055 pedites,
804 3997 862 4038 tum
887 3987 1003 4041 eoncitat
1027 3986 1164 4056 volgum·
1191 3987 1319 4046 Ennius:

247 4081 335 4134 neque
359 4064 391 4118 sb
425 4061 567 4136 oppidanis
594 4061 757 4120 viderentur.
806 4063 915 4133 «Quod
930 4066 981 4132 eois
993 4067 1023 4124 in
1037 4067 1138 4136 coleron
1152 4067 1276 4136 tolgan·
