2950 4646
217 363 287 456 ¹74
446 300 512 428 c.
541 357 719 428 narsei
745 355 1023 424 sannusrn

212 517 382 566 acerrume
396 493 568 564 victoriam
585 489 765 561 nobilitatis
776 491 810 558 in
824 487 954 584 plebem
970 503 1170 560 exercuerat.
1186 492 1273 560 Eum

209 601 375 697 iugurtha
386 602 516 670 tametsi
529 601 644 670 Roma
662 600 696 666 in
711 598 825 666 amieis
840 593 1034 684 babuerat²,
1049 609 1160 666 tamen
1174 621 1272 668 accu-

210 711 384 778 ratissume
404 708 528 802 recepit
545 732 552 774 :
568 703 678 775 dando
694 719 728 774 et
745 702 958 799 pollicitando
981 702 1134 798 perfecit,
1155 706 1204 774 uti
1226 703 1273 774 sa·

212 841 291 903 ma,
322 814 418 903 fidei,
440 829 608 909 postremo
641 811 794 883 omnibus
829 813 895 882 suis
931 809 1030 882 rebus
1062 809 1275 882 commodum

211 923 297 1018 regns
316 921 495 991 anteferret
517 946 524 987 :
549 919 691 1015 reliquos
717 917 843 1015 legatos
864 917 979 988 eadem
1005 919 1059 986 via
1081 943 1276 1014 aggressus,

210 1027 385 1123 plerosque
407 1030 522 1123 capit:
549 1029 663 1123 paucis
684 1029 792 1097 carior
813 1025 912 1113 fides,
927 1047 1026 1120 quam
1042 1027 1183 1119 pecunia
1203 1025 1274 1094 fuit.

209 1137 251 1204 In
270 1134 451 1223 divisione,
474 1159 548 1230 quae
567 1159 643 1231 pars
663 1131 827 1204 Numidiae
851 1133 1092 1202 Mauretaniam
1115 1133 1246 1226 attingit
1268 1185 1277 1218 ,

210 1265 291 1336 agro
313 1242 457 1336 virisque
472 1239 678 1337 opulentior,
699 1239 871 1336 iugurthae
893 1237 1035 1308 traditur
1056 1263 1063 1306 :
1086 1237 1175 1307 illam
1196 1237 1277 1307 alte-

209 1373 281 1418 ram
300 1350 410 1444 specie
429 1373 529 1444 quarn
553 1373 614 1418 usu
635 1349 818 1443 potiorem,
839 1371 912 1440 quae
932 1345 1120 1440 portuosior
1142 1359 1176 1413 et
1201 1345 1277 1416 aedt-

209 1455 291 1524 ficiis
313 1457 417 1550 magis
432 1469 590 1525 exornata
608 1469 697 1544 erat,
714 1452 882 1524 Adherbal
903 1451 1055 1547 possedit.

261 1563 375 1632 XVII.
398 1563 464 1632 Res
474 1560 640 1656 postulare
655 1559 786 1630 videtur
799 1558 919 1630 Afn'cae
932 1560 1030 1630 situm
1045 1560 1159 1655 paucis
1175 1583 1277 1652 expo-

209 1691 306 1754 nere,
320 1682 353 1736 et
374 1691 429 1736 eas
450 1679 578 1763 gentes,
595 1667 791 1762 quibuscum
810 1666 905 1735 nohis
921 1665 1044 1734 bellum
1060 1680 1118 1735 aut
1136 1667 1279 1734 amicitia

209 1772 291 1860 fuit,
312 1775 482 1868 attingere.
498 1774 564 1842 Sed
578 1799 651 1868 quar
669 1772 742 1843 loca
761 1787 796 1842 et
816 1775 986 1862 nationes,
1001 1773 1045 1842 ob
1062 1772 1205 1841 calorem
1221 1787 1279 1839 aut

208 1881 441 1974 asperitatem,
459 1881 538 1950 item
564 1879 777 1968 solitudines,
802 1882 911 1948 minus
945 1879 1153 1972 frequentata
1171 1876 1278 1966 sunt¹‚

208 1986 250 2056 de
268 1987 307 2057 iis
329 1985 419 2056 haud
439 1985 534 2057 facile
555 2001 763 2081 compertum
790 1986 1021 2054 narraverim:
1046 1999 1156 2054 cetera
1177 2007 1277 2080 quarn

208 2093 423 2190 paucissumis
444 2092 623 2164 absolvam.
1106 2093 1111 2104 '

261 2203 302 2268 ln
324 2199 484 2272 divisione
516 2201 605 2271 orbis
623 2215 719 2271 terrae
741 2197 888 2295 plerique
910 2201 944 2268 in
964 2213 1093 2294 partem
1123 2195 1277 2268 tertiam³

208 2306 354 2378 Africam
369 2333 508 2402 posuere
529 2333 536 2375 :
558 2311 655 2404 pauci
677 2307 907 2376 tantummodo
921 2307 1032 2376 Asiam
1052 2319 1088 2374 et
1108 2307 1279 2400 Europam

208 2439 279 2482 esse
289 2439 299 2502 ;
311 2413 368 2484 sed
386 2414 532 2485 Africam
548 2417 583 2482 in
598 2418 742 2510 Europa.
764 2416 814 2483 Ea
835 2413 918 2482 fines
934 2411 1035 2481 habet
1049 2413 1091 2481 ab
1108 2411 1280 2482 occidente

210 2521 331 2590 fretum
354 2524 458 2592 nostri
479 2507 596 2592 maris³
620 2535 654 2590 et
679 2522 794 2592 oceani
819 2546 825 2588 :
849 2519 892 2588 ab
917 2535 993 2590 ortu
1018 2518 1094 2590 solis
1117 2518 1278 2590 declivem

209 2707 255 2760 rba
269 2708 382 2778 pecunia
396 2719 537 2778 corruptus
551 2718 633 2772 esset,
647 2725 721 2760 accu-
808 2725 833 2760 a.
843 2707 974 2775 lapurtam
984 2709 1088 2760 tertam.
1098 2707 1166 2771 Alii,
1176 2709 1278 2776 :aparte

210 2799 279 2840 satus
294 2785 486 2858 damnatusque
501 2787 529 2840 in
544 2787 624 2840 exilio
636 2799 663 2842 et
673 2785 721 2840 de·
766 2789 845 2838 tertia.
868 2787 914 2840 Me
935 2799 1025 2840 movet
1046 2799 1078 2839 ut
1100 2786 1279 2840 accuutivum

210 2863 306 2920 decore
322 2868 468 2920 consenuit.
483 2866 541 2920 Lir.
559 2867 722 2938 Epit.1.xet
764 2867 909 2931 retineam,
924 2880 1021 2938 prater
1042 2867 1131 2920 allatas
1150 2885 1166 2919 a
1184 2864 1279 2918 Cortio

210 2964 269 3011 ²¹¹3
281 2945 337 2998 Cic.
347 2945 376 2998 in
385 2947 460 2998 Brut.
476 2965 571 3012 xxxiv,
586 2945 721 3000 Plutarch.
765 2946 953 3012 auctoritates,
976 2945 1097 3019 duosque
1122 2957 1278 2999 nosmorum

210 3025 598 3093 inGraccb.Vell.1r,6‚Flor.
611 3044 661 3093 m,
676 3026 720 3080 15.
765 3025 903 3082 codicum:
917 3028 1053 3099 primum,
1066 3024 1139 3100 quod
1154 3021 1279 3098 quadam

253 3126 277 3160 a.
295 3107 402 3158 Tametsi
409 3107 492 3158 Roma
505 3111 531 3160 ia
544 3110 625 3160 mets
636 3106 723 3158 liebus
766 3120 853 3160 motus
868 3108 943 3162 notio
957 3109 1060 3174 subest,
1076 3126 1160 3179 quum
1174 3103 1279 3177 aliquid

210 3197 257 3238 rar.
277 3184 383 3240 Scilicet
399 3187 512 3240 amicum
526 3189 581 3258 jam
593 3187 722 3252 habebam
765 3188 890 3260 inpartes
898 3183 1280 3258 distribuitnr.Deinde,quod

211 3265 399 3320 amicissimum
407 3261 467 3320 vult
477 3267 570 3322 iacere.
582 3267 653 3322 Male
661 3267 721 3339 Bip.
763 3271 818 3338 jam
828 3287 897 3322 unus
908 3269 1037 3322 ablativus
1050 3282 1106 3334 est,
1118 3272 1144 3320 iu
1154 3267 1280 3322 bouem.

210 3351 235 3399 in
249 3350 358 3400 inimicis.
764 3349 893 3400 -Pauca'
905 3349 1066 3402 tantummodo
1075 3349 1164 3402 Asiam
1171 3347 1281 3412 etAfrt'·

250 3427 314 3480 Car.
331 3428 420 3481 XVII.
439 3447 463 3481 1.
477 3429 560 3482 Minus
566 3429 722 3502 fnqrrenteta
764 3448 889 3482 comesse.
909 3428 992 3502 Supp.
1015 3430 1167 3483 voluerunt.
1184 3428 1217 3480 In
1236 3425 1280 3480 his

209 3519 272 3562 suat.
285 3507 375 3560 Minus
385 3509 456 3560 culta
467 3521 493 3562 et
503 3508 621 3562 habitata
631 3511 665 3563 ab
676 3509 723 3562 bo-
765 3515 803 3564 M.
818 3508 966 3576 Varro,dc
976 3510 1009 3562 L.
1020 3509 1051 3562 L.
1062 3527 1106 3564 n:
1120 3535 1131 3558 ι
1143 3509 1183 3562 Ut
1191 3506 1280 3559 omnis

208 3587 341 3654 minibus,
357 3589 392 3641 ob
412 3589 541 3654 calorem,
555 3589 722 3659 asperitatem
765 3601 860 3643 natura
875 3591 904 3642 in
921 3589 1019 3644 coelum
1037 3602 1064 3643 et
1082 3603 1180 3643 terram
1194 3585 1281 3640 divisa

209 3679 236 3720 et
248 3667 414 3720 solitudines.
436 3667 540 3721 Eodem
560 3687 638 3721 sensu
656 3669 721 3722 Sue·
765 3669 866 3734 est,sic
878 3668 1280 3741 coeluminregiones,terrain

210 3748 310 3814 tonius,
327 3751 394 3820 Aug.
403 3766 465 3800 xcvr
481 3766 488 3800 :
509 3774 521 3796 ι
537 3748 641 3800 Italiam
653 3747 721 3802 duo·
764 3751 854 3804 Asiam
867 3764 894 3804 et
906 3751 1049 3822 Europam.
1063 3775 1074 3798 ι
1089 3751 1151 3804 Non
1166 3749 1280 3812 mirum

208 3825 352 3900 detriginta
366 3828 532 3882 coloniarum
546 3847 658 3882 nurnero
674 3827 721 3882 de·
765 3848 849 3902 quum
862 3831 965 3903 antiqui
974 3831 1065 3883 littora
1084 3843 1190 3884 tantum
1209 3827 1281 3880 Afri-

208 3903 349 3962 ductarum
366 3909 399 3964 ab
417 3927 445 3961 se
461 3910 631 3980 frequentavit.
652 3935 663 3956 ι
680 3940 721 3954 -·
765 3911 1280 3983 cu,qureinEuropamspectant,nota

209 3986 721 4061 Haudsaeile.Diilicileestaliquidcerti
764 3989 902 4046 haberant.

209 4078 236 4120 et
251 4069 380 4138 comperti
396 4066 429 4120 de
441 4069 482 4123 bis
498 4087 614 4122 narrare.
807 4071 833 4136 3,
848 4071 947 4126 Fnam
962 4077 1039 4126 nostri
1050 4075 1122 4124 maris
1134 4083 1158 4122 et
1174 4069 1277 4127 Oceani.
