2938 4654
163 449 165 454 .
248 392 323 476 aad
494 391 533 459 C.
560 387 743 458 CRISPI
769 385 1048 456 SALLUSTII

245 521 396 611 credere,
412 535 446 591 et
460 519 584 591 insidiis
604 521 714 591 locum
732 533 868 590 tentare.
890 523 1008 614 ltaque
1029 521 1099 614 ipse
1117 543 1196 588 cum
1211 544 1308 614 expe·

246 631 322 700 ditis
342 629 554 717 cohortibus,
578 631 657 696 item
684 626 889 708 funditorum
909 641 943 696 et
964 611 1229 722 sagittariorum8
1248 627 1308 696 dess

246 737 332 806 lecta
353 760 455 806 manu
476 735 565 832 apud
587 737 712 830 primos
736 749 807 804 erat
828 761 835 802 :
858 736 892 802 in
910 749 1080 829 postremo
1095 735 1134 804 C.
1157 730 1309 802 Marius⁹

246 843 374 938 legatus
395 868 472 913 cum
492 843 658 937 equitibus
679 842 842 911 curabat:
861 843 896 910 in
916 855 1095 936 utrumque
1113 839 1198 910 latus
1220 840 1309 910 auxi-

246 949 357 1020 liarios
372 952 498 1045 equites
513 950 654 1020 tribunis
674 948 842 1046 legionum
853 945 877 972 ¹⁰
891 961 925 1018 et
939 947 1101 1044 praefectis
1122 947 1310 1017 cohortium

247 1056 495 1152 dispertiverat,
513 1059 562 1126 uti
583 1082 659 1126 cum
681 1057 732 1126 his
750 1057 903 1152 permixti
923 1053 1080 1146 velites¹¹,
1100 1077 1311 1149 quocumque

248 1165 462 1254 accederent,
480 1157 644 1259 equitatus
662 1165 808 1233 hostium
827 1161 1067 1258 propulsarent.
1086 1165 1174 1232 Nam
1196 1162 1233 1229 in
1253 1162 1309 1228 Ju-

247 1271 370 1366 gurtha
387 1286 498 1342 tantus
520 1270 634 1360 dolus,
655 1285 812 1364 tantaque
833 1271 951 1366 peritia
970 1268 1121 1338 locorum
1139 1283 1174 1336 et
1188 1266 1311 1336 militiae

184 1399 189 1406 ·
247 1393 337 1468 erat,
354 1380 423 1466 uti,
443 1379 561 1448 absens
586 1403 629 1447 an
655 1403 816 1473 praesens,
840 1399 957 1472 pacem
982 1401 1026 1445 an
1048 1375 1171 1446 bellum
1195 1399 1311 1470 gerens

246 1487 462 1580 perniciosior
482 1498 585 1571 esset,
605 1487 786 1554 in'incerto
803 1484 992 1553 haberetur.
1099 1567 1102 1572 .

300 1593 457 1660 XLVII.
486 1593 569 1660 Erat
593 1590 684 1659 haud
706 1589 803 1686 longe
825 1590 867 1658 ab
889 1613 929 1658 eo
949 1590 1082 1677 itinere,
1106 1613 1173 1682 quo
1195 1585 1312 1657 Metel·

247 1696 299 1766 lus
317 1697 495 1792 pergebat,
514 1696 673 1792 oppidum
695 1696 937 1784 Numidarum,
958 1697 1091 1764 nornine
1110 1697 1241 1782 Vacca,
1263 1692 1312 1762 fo·

249 1927 328 1962 omne
338 1912 380 1980 jus
391 1895 455 1962 belli
469 1907 574 1962 Achiuos
584 1907 730 1962 abstinuisse.
745 1934 756 1956 ι
804 1907 912 1960 curabat.
919 1906 1076 1960 Extremum
1088 1925 1180 1978 agmen
1193 1903 1312 1959 ducebat.

249 1989 347 2042 Similis
363 1989 417 2042 lere
433 1988 612 2054 constructio;
624 1987 675 2041 nisi
687 1986 761 2060 quod
806 1988 898 2042 Curare
912 1987 1053 2059 proprium
1068 1988 1180 2040 verbum
1195 2005 1251 2038 esse
1264 2004 1313 2038 no·

249 2069 387 2123 Sallustius
395 2067 560 2122 subaudisset
566 2067 761 2123 Achivoshdde
804 2081 888 2122 tatum
903 2081 942 2120 est
955 2065 989 2119 ad
1004 2066 1082 2119 Catil.
1096 2067 1177 2132 LIX,
1189 2085 1218 2118 n.
1233 2085 1260 2137 7.

250 2149 329 2203 Catil.
338 2149 375 2201 LI
389 2169 397 2202 z
409 2175 420 2198 ι
430 2149 486 2202 Ubi
500 2149 627 2203 factiones
642 2149 761 2216 valuere,
848 2168 889 2202 ro.
910 2147 1022 2200 Tribunis
1043 2147 1168 2216 legionum.
1189 2145 1313 2199 Vidimus

250 2233 415 2282 circumvenire
425 2231 629 2294 innocentes;alia
639 2229 761 2300 hujusce·
804 2247 900 2301 supra,
916 2227 1078 2285 XXXVIII,
1094 2246 1121 2279 n.
1139 2230 1174 2292 8,
1191 2227 1237 2298 qui
1261 2226 1315 2279 sint

251 2308 324 2362 modi
334 2308 393 2379 fieri
408 2328 531 2383 coeperes
549 2337 560 2356 a
576 2329 657 2382 quam
671 2328 761 2362 veram
804 2313 964 2370 centuriarum,
981 2325 1078 2378 eosque
1090 2307 1199 2378 singulis
1213 2303 1315 2358 ordini·

251 2407 306 2442 esse
317 2389 459 2442 lectionem
471 2388 634 2442 ostendimus
645 2389 673 2441 in
681 2389 762 2442 variis
804 2390 854 2442 bus
862 2409 907 2442 seu
919 2387 1045 2441 centuriis
1056 2387 1199 2458 praefuisse.
1214 2383 1316 2438 Tribuni

251 2469 357 2522 lection.
378 2471 465 2542 Atque
485 2470 539 2522 illic
557 2469 656 2521 habent
670 2487 761 2522 omnes
804 2488 869 2522 vero
884 2481 936 2521 tres
952 2487 967 2520 a
980 2467 1094 2519 Romulo
1110 2467 1203 2532 creati,
1218 2463 1315 2518 deinde

252 2549 336 2602 nostri
344 2549 420 2602 MSS.
431 2553 645 2613 circumuenirc,ut
654 2548 698 2601 hic
711 2561 762 2600 tau-
805 2568 849 2602 ser
857 2549 884 2600 in
893 2548 997 2620 legione
1007 2547 1127 2612 luerunt,
1135 2565 1250 2618 quorum
1258 2545 1317 2599 hini

254 2640 318 2692 tare,
328 2640 354 2682 et
364 2628 449 2693 infra,
464 2629 569 2692 CXIV,
577 2640 675 2680 certare.
804 2648 853 2700 per
859 2629 973 2681 alternos
980 2626 1047 2680 duos
1055 2646 1156 2681 menses
1164 2627 1212 2679 toti
1217 2625 1317 2697 legioni

295 2711 320 2761 8.
344 2707 503 2760 Funditorum
525 2720 550 2758 at
573 2710 761 2778 sagittariorum.
805 2709 986 2780 imperabant;
1000 2703 1140 2779 (Lipsius,
1157 2707 1215 2760 Mil.
1236 2707 1315 2760 Rom.

252 2784 764 2858 Funditoreslapidesautglandesplum·
806 2807 845 2841 rr.
863 2784 1231 2857 9).-Praeseatr'scolrortisma.
1245 2787 1318 2838 Prur-

252 2867 314 2918 beas
337 2865 419 2918 funda
440 2867 580 2936 jaciebant.
595 2864 618 2919 Ii
638 2869 763 2920 Romanis
805 2867 867 2921 fecti
887 2867 1055 2920 auxiliarium
1075 2868 1226 2920 cohortium
1248 2869 1318 2936 ejus-

252 2958 328 2998 erant
341 2945 410 2998 inter
419 2947 556 3000 auxiliares
565 2947 667 3019 copias;
681 2948 763 3018 pleri·
806 2947 868 3000 dem
880 2946 952 3018 apud
967 2967 1009 3002 eas
1024 2945 1160 3019 dignitatis
1172 2958 1263 3012 erant,
1272 2965 1317 2999 cu·

254 3044 305 3098 que
315 3045 346 3078 ex
355 3025 447 3080 insulis
459 3025 608 3080 Balearibus
618 3025 763 3099 desumpti,
805 3031 847 3099 jus
860 3028 889 3080 iu
903 3027 1049 3098 legionibus
1065 3027 1190 3080 tribuni.'

254 3105 288 3158 de
303 3107 400 3177 quibus
415 3105 476 3159 vide
491 3107 764 3178 Liv.1xv111,37.-
850 3126 895 3162 11.
909 3109 1007 3161 Velites.
1020 3108 1111 3160 Genus
1127 3108 1242 3160 militum
1251 3107 1318 3160 levis

254 3185 384 3256 Sagittarii
392 3205 499 3258 quoque
508 3188 647 3241 auxiliares
658 3200 765 3259 postse-
806 3201 945 3241 armature
969 3189 997 3240 in
1018 3186 1165 3240 subsidium
1187 3187 1320 3258 equitatus

254 3265 372 3320 cundum
390 3268 490 3320 bellum
502 3267 632 3322 Pamisum
646 3269 734 3334 fuere,
749 3287 764 3320 e
806 3265 1320 3339 inventum.Sedebanthipostequitern,

255 3347 650 3420 Cretensibus,Thracibusque
665 3361 692 3401 et
707 3348 764 3402 aliis
806 3349 1002 3421 perniciterque
1026 3348 1102 3418 signo
1124 3347 1187 3402 dato
1213 3345 1320 3398 desilie-

251 3429 373 3500 gentihus
384 3429 496 3483 collecti.
807 3431 883 3486 bant,
900 3443 980 3502 prout
990 3447 1032 3480 res
1041 3429 1203 3498 postulabat,
1216 3425 1320 3497 equites

297 3529 323 3580 9.
337 3509 367 3562 C.
377 3509 480 3564 Marius.
488 3509 540 3562 Hic
550 3509 667 3582 primurn
681 3508 766 3560 nomi·
807 3509 922 3562 vicissim
935 3507 1069 3579 iidemque
1083 3506 1192 3579 pedites.
1208 3505 1320 3558 Institu-

254 3589 383 3642 naturuir
396 3589 440 3641 ille
449 3589 497 3660 qui
505 3590 597 3644 consul
604 3587 656 3642 hoc
665 3589 764 3641 bellum
808 3601 866 3642 tum
877 3602 906 3642 ut
916 3588 1007 3642 velites
1020 3589 1048 3640 in
1060 3589 1207 3658 legionibus
1219 3597 1319 3646 essent.

253 3668 382 3739 perfecit,
395 3669 498 3721 Italiam
513 3665 683 3722 Cimbrorum
697 3669 766 3721 Teu·
808 3688 892 3740 quum
900 3664 1322 3740 Capuaobsidereturinsecundo

255 3753 482 3819 tonumque'metu
493 3748 626 3814 liberarit,
634 3749 765 3801 nobilium
808 3749 878 3802 bello
892 3749 1010 3813 Punico,
1021 3747 1079 3800 Liv.
1092 3767 1165 3800 sarr.
1179 3753 1205 3810 4.
1219 3747 1325 3799 Memo-

253 3827 400 3898 potentiam
424 3827 569 3898 protrivit,
586 3847 647 3882 mox
669 3829 724 3898 ipse
749 3848 765 3882 a
808 3843 850 3882 rat
861 3827 970 3900 quidem
985 3829 1042 3880 Liv.
1057 3846 1136 3890 xxiv,
1151 3827 1204 3894 34,
1221 3827 1321 3893 uelites,

255 3907 326 3978 Sylla
338 3905 583 3979 proterendus‚qui
594 3907 693 3978 legatus
705 3907 764 3961 Illa·
807 3909 836 3962 in
845 3907 983 3962 obsidione
993 3908 1190 3978 Syracusarum.
1201 3905 1254 3960 sed
1266 3907 1324 3960 illic
1412 3945 1416 3962 t

254 3987 313 4048 rio,
331 4000 362 4040 ut
381 3987 489 4042 Metello
510 3987 626 4053 Marius,
643 3987 671 4038 in
693 3987 763 4058 bello
807 3987 1250 4060 intelligendisunt,latiuspatente
1263 4005 1323 4040 sen-

254 4065 416 4136 Iugurthino
425 4068 760 4140 suerat.-1aposasma....
807 4087 854 4135 su,
865 4069 921 4122 leuis
936 4081 1064 4120 mnsaturoe
1078 4069 1173 4120 utilitas.
