2942 4662
443 405 507 472 ET
540 396 939 474 ADDITAMENTA.
1151 401 1222 502 537

204 537 329 590 Dissentio
346 534 433 595 civiti,
453 536 522 604 qunti
532 537 661 604 permixtio
672 547 753 596 terroe,
771 539 830 587 oriri
842 540 912 605 crunt
933 530 984 597 (n.
1001 551 1034 587 ra
1045 530 1065 599 ).
1080 533 1123 588 sie
1134 535 1226 606 scripti

164 628 193 670 et
206 615 272 670 editi
286 633 395 680 omnen
408 631 457 666 nec
472 615 538 668 tcire
550 614 686 686 potuimus
701 613 767 686 qnid
782 615 833 668 eibi
846 615 925 668 vellet
937 615 1057 682 Certim,
1073 615 1110 668 ric
1124 633 1154 668 et
1165 635 1227 686 pro·

163 694 277 748 serendo
290 713 297 748 :
312 707 336 746 et
342 698 469 765 permr'ctio
483 696 569 756 ciuilis,
589 698 658 766 qunti
677 695 788 746 discessio
807 707 887 756 terra,
905 697 966 746 oriri
981 697 1058 765 coepit.
1074 696 1173 748 Durine
1187 693 1227 748 iiii

163 773 285 840 videtur,
296 777 423 846 permixtio
433 785 518 835 terrm
529 773 626 841 levius,
639 774 752 827 dissensio
766 775 851 827 civilis.
869 772 950 839 Quod
962 774 1064 828 etitmri
1079 787 1145 828 euet
1158 771 1224 837 (nec

163 873 220 908 eece
232 853 349 908 concedo
363 851 373 918 )
387 866 542 908 nostrumne
552 866 591 908 eet
601 856 730 908 Veterum
747 855 842 925 scripta
855 873 887 906 er
903 852 1066 907 divinatione
1080 854 1224 926 reingere,

164 953 249 1006 quum
260 934 405 1007 proteum
419 935 491 986 nulia
504 935 574 1006 cogit
587 935 737 999 noceantne,
752 935 878 1005 nullaque
893 935 1033 988 auctoritas
1047 934 1225 1006 suffragatur?

204 1016 269 1068 Cer.
282 1015 367 1067 XLII.
380 1015 458 1066 Ferro
468 1025 614 1068 necaverant.
628 1009 671 1075 (n.
682 1011 725 1077 ά).
741 1013 851 1066 Haverc.
865 1025 1031 1086 quatuorque
1045 1016 1144 1078 nottri,
1153 1034 1224 1067 neco-

164 1106 238 1147 terat.
254 1097 292 1160 D,
305 1107 457 1155 meaverunt,
470 1091 542 1165 qnod
557 1094 642 1148 Cortii
654 1093 836 1147 auctoritatem
849 1093 931 1145 iulcit.

206 1175 308 1245 Tempus
324 1194 395 1246 quum
409 1195 446 1226 m
459 1177 573 1226 manuitu
588 1174 688 1226 deseret.
708 1173 867 1227 siccorum
882 1191 913 1226 er
928 1191 982 1226 uno
998 1191 1116 1225 anorum.
1133 1174 1222 1227 Ceteri

161 1267 189 1307 et
209 1255 294 1308 nostri
314 1254 417 1308 varient
437 1254 506 1306 inter
527 1255 619 1306 desem
631 1267 658 1307 et
672 1254 795 1306 munet.
812 1253 890 1306 Certe
908 1253 1024 1304 desereret
1041 1253 1223 1323 interpretatio

160 1346 200 1388 est
213 1335 374 1406 subjunctivi
386 1334 522 1406 protentio
536 1335 630 1386 deserat
638 1355 648 1396 ;
670 1347 697 1386 et
711 1353 744 1388 ex
759 1333 884 1395 detentet,
901 1345 992 1385 netum
1011 1345 1050 1385 eet
1064 1333 1160 1384 deseret.

201 1414 266 1467 Cer.
282 1415 383 1467 XLIII.
397 1413 481 1468 Senoti
493 1418 636 1466 auctoritate
647 1416 707 1466 socii
716 1433 842 1485 nomenque
853 1413 966 1475 latinum,
979 1431 1044 1482 reget
1056 1413 1119 1464 ultro
1128 1413 1222 1464 nouit

160 1497 268 1554 mittem
277 1507 410 1564 pestremo,
435 1507 485 1548 etc.
502 1489 548 1556 (n.
566 1491 613 1558 5).
628 1493 739 1546 Haverc.
750 1507 776 1546 et
789 1494 873 1546 noetri
886 1494 922 1559 t,
937 1495 976 1558 C,
987 1493 1025 1557 D,
1035 1503 1130 1544 senatus
1137 1503 1220 1544 muto·

158 1577 248 1636 ritate,
277 1579 338 1626 socii
354 1593 481 1645 nomenque
502 1573 603 1626 latinum
623 1586 648 1625 et
669 1593 735 1642 reget
758 1574 821 1625 uitro
839 1573 932 1625 atceiiic
951 1573 1078 1634 rnitoendo,
1101 1584 1220 1642 postremo

130 1697 136 1706 .
160 1656 237 1706 onnu
250 1657 334 1706 civitas
352 1673 442 1708 curenno
453 1653 533 1706 studio
549 1653 725 1706 adnitebatur.-
741 1653 823 1706 itu-ut
834 1653 922 1723 primo
937 1671 999 1706 cetu
1020 1651 1163 1722 accipiatur
1183 1673 1220 1704 te·

159 1744 245 1796 ratus,
257 1734 332 1804 isque
347 1746 373 1786 et
383 1735 442 1786 socii
448 1771 456 1794 ,
469 1746 496 1786 et
508 1752 591 1784 nornen
603 1734 716 1794 utinm,
734 1745 761 1786 et
774 1752 858 1802 reget,
874 1745 901 1786 et
912 1736 996 1786 civitot
1008 1731 1042 1785 ad
1057 1751 1140 1785 unum
1153 1732 1221 1785 refe·

158 1825 252 1866 rantur
266 1814 394 1877 verbum,
408 1812 567 1864 adnitebatur.
582 1813 665 1884 Magio
680 1813 800 1883 proiecto
813 1813 1001 1868 Sallustianum
1013 1811 1120 1865 videtur
1131 1809 1222 1883 quod,-

156 1911 219 1946 cum
232 1892 335 1956 cortic,
343 1891 483 1946 edidimus.
500 1892 589 1962 Friget
599 1893 687 1957 enim,
697 1903 793 1944 senatus
810 1895 952 1944 nrutoritnte
964 1891 1131 1956 adnitebatur3
1142 1904 1219 1963 atque

156 1972 252 2036 etiam,
265 1991 330 2041 reges
346 1973 438 2024 currito
454 1971 568 2023 mittendo
585 1971 762 2026 adrutebcntur.
776 1973 885 2024 Prtectnt
898 1972 983 2024 multo
998 1971 1145 2024 infinitivus
1159 1990 1220 2024 nar-

154 2052 280 2116 rationis,
295 2055 399 2114 mittere,
414 2049 487 2122 quod
497 2051 526 2104 in
539 2049 666 2104 tredecim
680 2051 754 2104 MSS.
769 2065 808 2104 eat
816 2050 895 2122 ¹opud
908 2052 1046 2113 Cordum,
1059 2063 1085 2102 et
1096 2051 1123 2103 in
1136 2051 1220 2104 tribur

155 2128 229 2204 apud
245 2130 354 2184 Haverc.
375 2132 408 2183 In
423 2129 475 2182 elio
490 2128 562 2201 opud
577 2129 715 2195 eumdem,
730 2132 867 2192 mittebant,
885 2131 1021 2184 mmitette
1037 2131 1219 2202 interpretatio

155 2210 283 2266 infinitivi
296 2215 394 2263 mittete.
411 2212 443 2262 ln
458 2222 550 2264 nocuo
563 2211 669 2282 quoquc'
681 2212 703 2262 E
715 2211 811 2281 legitur
825 2213 928 2272 mittere,
944 2209 990 2263 sed
1002 2208 1116 2263 ucunda
1129 2229 1217 2264 manu.

154 2293 197 2344 De
210 2291 324 2346 unctoria
338 2290 479 2353 sententia,
494 2288 556 2342 ride
570 2302 661 2342 notam
676 2309 756 2361 quam
768 2290 831 2345 huic
843 2291 903 2342 loco
917 2290 1095 2361 appoeuimuc.

195 2372 260 2424 Cur.
273 2371 371 2424 XLIV.
387 2371 515 2422 Exercitus
530 2374 553 2421 εἰ
568 2371 672 2422 truditur
689 2390 705 2420 a
718 2371 761 2440 Sp.
780 2371 872 2423 Atina
886 2370 1034 2439 proconsule.
1048 2367 1159 2422 Hnrerc.
1173 2369 1215 2440 Sp.

154 2450 244 2504 Attin·
259 2451 415 2521 procoruult't.
443 2450 565 2516 Contine,
589 2450 633 2520 sp.
654 2449 742 2502 Albini
755 2469 802 2519 pto
823 2449 926 2502 contule.
948 2449 1048 2502 Omnes
1066 2449 1169 2514 nostri,
1188 2461 1219 2502 nt

154 2528 296 2584 edidimus.

195 2611 247 2664 Sed
267 2631 340 2684 neque
354 2613 519 2669 nunt'ebnntur
538 2603 586 2680 (n.
603 2609 650 2677 6).
670 2611 729 2665 Hoc
744 2611 773 2664 in
789 2611 904 2664 Sallustii
922 2623 1023 2664 textum
1038 2609 1219 2663 revocavimus

155 2710 188 2744 ex
204 2692 352 2763 fragmento
371 2690 446 2764 quod
464 2690 535 2764 apud
556 2692 719 2746 Frontonem
731 2692 833 2744 invenit
847 2691 961 2762 Angelus
981 2690 1069 2743 Maius
1089 2687 1218 2742 mediote-

155 2772 244 2826 nentit
262 2767 333 2834 (Ed.
348 2771 497 2826 Franciurt.
526 2773 618 2836 1³13,
633 2791 660 2842 p.
678 2773 731 2843 317
750 2768 769 2834 ).
786 2771 862 2824 Hono
881 2771 923 2824 vir
940 2769 1107 2824 doctiuimue
1127 2781 1218 2823 notam

155 2851 313 2905 Sallustium
321 2852 380 2904 ioco
393 2853 519 2924 subjecit:
534 2879 544 2900 ι
554 2853 643 2904 Verba
657 2872 731 2924 neque
743 2852 908 2904 nttnt'ebcntut·
917 2851 1049 2904 interebat
1060 2851 1105 2903 bic
1119 2850 1219 2921 Popmtt

155 2929 242 2984 ecod.
260 2931 457 3002 antiquittim03
474 2933 638 3003 expungebat
651 2932 797 2998 Grutertn;
817 2932 927 2985 ubmtnt
943 2933 975 2984 ab
988 2929 1150 2984 editionibus
1161 2929 1219 3001 ple·

154 3013 243 3082 riaqne
254 3012 393 3082 omnibue;
409 3029 481 3066 nnnc
492 3011 574 3065 codex
586 3013 608 3064 F
608 3013 783 3066 rontonianne
795 3012 893 3066 invicte
906 3011 1053 3065 confirmat.
1065 3010 1136 3076 Quin
1149 3013 1219 3081 ejur-

155 3089 217 3144 dem
234 3091 355 3144 lectionis
374 3092 484 3163 vestigia
504 3090 736 3164 deprehendebatur
753 3093 782 3146 in
801 3090 907 3146 duobus
924 3093 981 3146 tiiia
1002 3091 1117 3146 Saliustii
1138 3089 1218 3144 codd.

154 3169 334 3225 Ambmtitnie
346 3171 364 3224 i.
381 3173 434 3226 138
451 3184 516 3242 etp.
532 3175 578 3240 89.
594 3185 662 3241 part.
677 3191 734 3242 cup.
749 3197 760 3218 ι
774 3173 807 3223 ln
819 3172 894 3224 nulio
907 3184 1058 3224 nostrornm
1070 3183 1218 3241 comparet;

154 3250 208 3304 niti
219 3249 292 3321 quod
307 3250 346 3316 E,
365 3251 394 3304 in
413 3252 544 3322 margine,
565 3251 635 3302 inter
650 3250 716 3316 alia,
729 3251 837 3302 exbibet
851 3271 893 3302 nec
909 3249 1063 3311 muniebmtt
1080 3247 1126 3302 ted
1144 3249 1216 3309 bec,

151 3343 184 3384 nt
191 3331 276 3401 glorta
283 3367 292 3394 ‚
304 3347 359 3384 non
373 3344 403 3384 ut
414 3331 496 3402 iptitu
506 3329 623 3382 Salluetii
637 3329 731 3394 rerba,
748 3330 786 3382 ibi
798 3327 992 3382 adscribuntur.
1006 3329 1073 3382 Setia
1086 3345 1218 3398 superque

152 3410 235 3464 inerit
247 3409 389 3464 Frontonis
403 3409 552 3464 auctoritas.

196 3491 260 3544 Cur.
281 3490 366 3544 XLV.
388 3491 496 3560 Vt'giiiot
512 3489 605 3542 crebros
614 3506 718 3559 ponere,
736 3500 760 3540 et
779 3508 828 3558 rpite
843 3507 896 3540 cunt
913 3487 1000 3556 legatis
1018 3489 1147 3539 circumite.
1163 3485 1217 3538 He·

151 3588 224 3624 vero.
245 3581 270 3621 et
283 3589 323 3621 eas
345 3575 393 3641 ipse
409 3589 461 3622 curn
477 3570 562 3640 legatie
577 3571 676 3620 circuire
684 3587 694 3629 ,·
714 3565 849 3639 quomodo
863 3579 891 3619 et
905 3566 990 3620 noatri
1003 3567 1041 3632 A,
1055 3567 1086 3620 E.
1110 3566 1217 3620 Cortius

150 3649 284 3703 revomuit
297 3652 431 3712 circumire,
450 3647 523 3721 quod
536 3651 635 3702 habent
649 3647 728 3700 etium
742 3649 780 3714 B,
800 3648 841 3712 C,
854 3647 887 3700 D.
902 3647 955 3698 Eat
968 3665 1032 3700 vero
1044 3645 1139 3700 recidit
1150 3647 1216 3712 ille,

152 3749 208 3782 nno
224 3727 316 3782 codice
327 3729 418 3782 iretur.
431 3727 462 3781 Id
479 3730 563 3782 noctri
578 3747 669 3780 omnen
680 3728 795 3794 babent;
810 3728 864 3780 imo
881 3728 921 3792 D,
933 3746 973 3778 ecs
989 3731 1061 3797 pres.

191 3809 257 3863 Cer.
273 3808 373 3864 XLVI.
389 3811 452 3879 Qua
463 3830 493 3860 ea
508 3809 633 3862 oolttntote
642 3809 740 3875 forent,
754 3811 806 3877 regi
818 3810 932 3859 nuumre
938 3806 1013 3876 jubet.
1025 3807 1041 3858 J
1044 3807 1106 3858 ubet
1118 3807 1216 3877 legatos

152 3889 280 3942 nunciare
293 3889 350 3960 regi
366 3901 416 3944 etc.
434 3889 541 3943 Curtius
556 3900 583 3942 et
597 3888 664 3942 liar.
680 3893 733 3958 regi
746 3890 862 3940 nttncinri.
877 3887 944 3940 Item
959 3887 995 3953 B,
1011 3887 1048 3951 C,
1061 3887 1095 3939 D.
1109 3887 1168 3958 Bip.
1185 3903 1215 3938 ex

150 3967 263 4036 Aldine,
276 3967 413 4040 noctrique
423 3971 459 4034 Δ,
470 3969 507 4034 Ε,
521 3971 647 4032 mancum
659 3965 732 4040 quod
745 3968 850 4040 sequuti
861 3985 968 4030 eumue,
979 3979 1009 4020 ut
1024 3966 1106 4035 mugit
1119 3966 1216 4020 Sulluc-

151 4049 262 4102 titnnm.
279 4048 406 4102 Similiter
424 4048 514 4114 enim,
528 4049 610 4120 penio
624 4061 685 4121 port
699 4068 726 4100 n.
745 4067 772 4118 7,
788 4047 883 4117 iegitur
902 4046 994 4099 inuidiis
1013 4046 1090 4100 locun
1110 4057 1215 4108 urtone,

151 4129 198 4206 ubi
213 4132 301 4183 tentari
315 4129 436 4202 planius,
450 4129 538 4201 prirno
553 4127 663 4200 quidem
687 4141 811 4200 aspectu,
825 4125 909 4185 videri
924 4126 1015 4198 pouit.
