2910 4666
509 349 848 420 FRAGMENTA.
1137 347 1210 446 367

202 490 282 556 Huc
301 486 329 554 si
347 481 498 578 plecent3
518 485 656 552 sitente
673 482 814 577 torpedo
833 483 960 552 animos
978 485 1157 578 oppressit,
1174 500 1213 554 ut

147 593 242 664 obliti
261 589 422 662 scelerum
445 591 579 677 Cinnae,
601 589 694 683 cujus
714 590 749 657 in
771 589 888 658 urbem
909 589 1018 659 reditu
1035 589 1137 660 decus
1158 615 1212 660 or·

148 700 235 770 dinis
252 699 352 792 httjus
375 697 498 766 interiit
506 695 542 784 ¹⁹,
564 695 779 766 nihilominus
799 719 860 765 vos
884 709 982 790 atque
1004 697 1161 792 conjuges
1180 713 1215 767 et

149 806 272 876 liberos
289 802 417 898 Lepido
439 804 632 898 permissuri
645 803 715 872 sitis
728 830 737 887 3
751 803 829 897 quid
851 826 935 897 opus
952 801 1117 873 decretis?
1134 803 1214 898 quid

150 911 271 982 auxilio
293 908 423 982 Catuli?
445 911 536 999 Quin
558 912 584 979 is
603 924 637 978 et
656 908 712 978 alii
734 909 814 978 boni
831 909 1069 1004 rempublicam
1091 909 1219 982 frustra¹
1315 995 1317 1002 y

149 1033 278 1088 curant.
298 1018 411 1112 Agite,
426 1018 475 1084 uti
493 1015 599 1100 lubet;
620 1030 735 1112 parete
755 1015 853 1085 vobis
866 1016 1024 1110 Cethegi,
1040 1031 1140 1111 utque
1151 1016 1214 1086 elie

149 1123 360 1220 proditorum
378 1124 577 1218 patrocinis,
595 1126 652 1217 qui
668 1125 800 1218 rapinas
818 1137 852 1191 et
866 1123 1017 1191 incendia
1031 1124 1214 1193 instaurare

151 1232 307 1326 cupiunt,
321 1244 355 1298 et
369 1255 482 1300 rursus
496 1229 675 1299 advorsum
693 1229 773 1298 deos
788 1244 924 1325 penates
938 1251 1056 1298 munus
1074 1253 1212 1299 semme.

152 1339 212 1406 Sin
230 1335 364 1406 libertas
381 1351 415 1406 et
428 1361 508 1405 veru
525 1337 630 1432 magis
649 1335 782 1431 placent
790 1335 827 1424 ²⁰3
845 1335 1012 1405 decernite
1034 1335 1135 1430 digne
1154 1361 1214 1406 no·

152 1445 263 1529 mine,
288 1457 320 1512 et
353 1457 470 1538 augete
496 1444 665 1539 ingenium
690 1445 770 1513 viris
798 1442 947 1512 fortibus.
976 1441 1078 1512 Adest
1108 1465 1214 1514 novus

153 1653 188 1687 ne
202 1653 232 1688 ee
247 1632 356 1706 quidem
371 1632 470 1695 iecere,
482 1652 565 1704 quum
578 1635 662 1706 possi·
705 1654 733 1688 n.
752 1653 796 1687 ιι.
812 1635 887 1688 Alter
901 1649 958 1688 erat
971 1635 1001 1688 P.
1022 1635 1168 1710 Cethegus,
1181 1634 1215 1688 de

153 1714 204 1779 tis,
216 1711 348 1766 audeatis!
364 1740 374 1760 ι
395 1745 434 1756 --
452 1711 496 1765 Illi
508 1733 524 1764 a
538 1713 607 1764 nobas
614 1733 662 1784 pa·
706 1733 759 1786 quo
775 1712 864 1767 Vuler.
881 1715 951 1767 Max.
969 1733 1013 1776 tx,
1032 1735 1046 1767 ι
1062 1755 1070 1780 ,
1088 1733 1111 1768 1.
1128 1717 1214 1768 Ambo

42 1837 46 1849 .
153 1811 217 1856 cens,
234 1807 283 1847 etc.
299 1793 355 1856 Isti,
374 1793 391 1846 i.
411 1811 434 1845 e.
450 1791 561 1864 Lepido.
577 1793 663 1846 Mirus
706 1793 854 1846 turbulenti
867 1807 894 1846 et
903 1791 1021 1847 seditiosi
1035 1807 1124 1860 erent,
1136 1797 1214 1848 ambo

153 1872 332 1945 quorumdum
354 1891 447 1940 error,
464 1873 512 1944 qui
533 1873 584 1926 hoe
613 1891 664 1946 pro
706 1875 853 1927 Marionem
864 1873 1005 1927 lectionem
1013 1873 1216 1947 sequuti‚dein·

153 1953 320 2008 nominativo
350 1966 506 2024 acceperunt
518 1991 527 2020 ,
552 1953 664 2025 scripse·
706 1952 740 2006 de
748 1953 781 2006 sd
790 1953 889 2026 Syllam
900 1955 1215 2027 transgressi,entequsm

153 2045 272 2104 runtque
293 2033 405 2092 suadent,
426 2051 477 2104 pro
496 2031 587 2085 suadet.
612 2033 665 2084 Fac
708 2033 786 2085 Caius
798 2033 831 2085 ad
840 2031 973 2104 Lepidum
981 2033 1214 2100 rediret3sirnodo

153 2132 171 2166 e
186 2112 309 2166 Sallustio
325 2129 379 2166 esse
394 2111 516 2175 suadem
528 2111 665 2164 nihilomi·
705 2131 764 2165 rem
776 2128 839 2166 vere
849 2115 971 2184 exposuit
979 2115 1018 2165 De
1030 2113 1141 2178 Brosses,
1155 2115 1216 2167 His.

153 2211 207 2246 nus
234 2193 285 2246 erit
312 2191 416 2246 dativus
442 2192 499 2253 itti,
522 2191 665 2246 nomiosti-
708 2192 810 2246 tohude
824 2194 849 2244 lo
862 2194 1216 2263 rep.mm.ls'e.1,c.doet

155 2291 258 2343 rusque
273 2273 348 2324 verbi
363 2271 465 2324 suadent
481 2269 661 2324 subaudietur.
710 2273 762 2338 52,
775 2291 841 2344 quos
856 2273 928 2326 locos
939 2273 1055 2336 conferri
1070 2287 1184 2346 oportet.

156 2349 227 2406 Cum
246 2351 339 2404 Curtio
361 2363 388 2404 et
411 2348 522 2405 Huvere.
543 2347 665 2402 dedimus
750 2371 796 2405 so.
817 2351 993 2406 Sincera
1015 2358 1093 2424 magis
1109 2355 1215 2425 placent.

155 2431 249 2484 suadet.
272 2433 397 2485 Ceterum
417 2449 501 2483 merus
524 2432 665 2495 tenebras,
710 2433 777 2484 Vera
791 2471 798 2500 ,
813 2431 831 2486 i.
852 2449 876 2485 e.
897 2451 988 2503 teqtse,
1003 2435 1081 2505 justu.
1105 2435 1145 2486 De
1165 2435 1217 2486 hoc

157 2511 186 2564 iu
202 2510 407 2574 mollesheim,
423 2508 491 2563 vidit
512 2511 553 2564 vir
566 2523 666 2563 cetero·
708 2530 787 2564 sensu
802 2510 863 2564 vide
876 2511 936 2582 Jug.
955 2513 1043 2579 XIV,
1065 2533 1092 2566 n.
1112 2533 1157 2567 ιι.
1174 2514 1217 2566 Sic

78 2585 101 2608 “
156 2591 225 2662 quin
237 2591 388 2660 intelligens
402 2589 593 2660 ,Douzetquod
608 2607 667 2641 mo·
709 2588 801 2644 scribit
816 2591 942 2654 Curtius,
962 2611 995 2645 ex
1009 2591 1072 2646 edd.
1087 2593 1230 2660 Venetis,

156 2687 268 2733 nunus,
289 2687 323 2723 ne
346 2671 405 2740 quis
426 2667 590 2741 decipietur,
612 2671 667 2741 ejus
709 2685 736 2724 et
760 2671 888 2742 plurimis
902 2671 977 2724 libris
1007 2673 1078 2745 apud
1105 2671 1217 2728 Herem.

157 2763 250 2804 notum
271 2751 305 2802 in
321 2748 438 2802 editione
453 2751 598 2812 Vas-iorum,
622 2762 668 2802 eut
709 2767 816 2822 quoque
831 2750 951 2804 laudetis.
967 2751 1056 2824 Vulgo
1078 2765 1164 2806 temen
1179 2753 1217 2806 le·

158 2829 208 2883 elis
228 2831 361 2900 quelibet,
377 2828 498 2900 legendo.
710 2832 796 2902 gitur:
806 2834 844 2882 sin
858 2831 991 2884 libertasse
1005 2833 1068 2885 bella
1081 2838 1158 2904 magis
1165 2835 1219 2905 pla·

202 2927 248 2978 ¹9·
269 2909 350 2962 Decus
370 2909 460 2961 onius
483 2911 552 2980 hujus
568 2912 667 2964 isteris't.
711 2909 1219 2986 eert,·quodsicinterpreteripotueris:

158 2992 247 3042 Decus
255 3001 376 3055 emotus,
386 3005 465 3060 quem
477 2987 572 3044 afflixit
583 2991 669 3043 Cinna
715 3018 726 3039 ι
743 2991 769 3043 st
781 2991 930 3045 libertatem
941 3011 989 3064 per
1000 2995 1101 3046 bellum
1116 3011 1219 3048 servare

159 3087 221 3122 cunr
232 3069 356 3122 stuiolo
365 3071 459 3122 urbem
468 3067 669 3135 redieranunde
712 3071 823 3138 molitis,
839 3087 919 3142 quam
933 3089 982 3125 vos
1003 3087 1081 3145 etque
1096 3077 1220 3146 conjuges

160 3149 287 3219 ecollegs
302 3167 351 3201 suo
363 3149 597 3204 Octavio-consule
608 3151 670 3220 pul·
712 3163 739 3203 et
752 3151 851 3204 liberos
865 3151 968 3223 Lepido
980 3155 1150 3224 permittere,
1173 3153 1220 3208 de·

159 3247 204 3282 sus
227 3230 332 3294 suerum
354 3247 424 3282 enno
439 3229 474 3282 U.
497 3229 529 3282 C.
550 3231 616 3300 667.
637 3231 670 3281 ln
712 3231 812 3284 cernite
833 3229 913 3302 dignu
936 3234 1045 3286 nomine
1067 3247 1173 3300 vestro,
1194 3249 1222 3289 et

159 3309 232 3380 vulg.
246 3305 307 3362 edd.
324 3309 420 3380 legitur
433 3327 440 3362 :
455 3310 526 3362 desso
540 3320 612 3380 atque
630 3329 671 3360 or·
714 3311 815 3363 animos
835 3323 926 3381 augete
940 3312 1005 3374 viris
1020 3313 1141 3367 fortibus.
1161 3340 1171 3362 ι
1187 3315 1222 3370 Ει

160 3389 228 3442 diues
239 3405 319 3440 annes
329 3392 482 3450 interierunt;
491 3407 571 3460 quum
582 3391 672 3442 lectio·
705 3405 775 3443 'cum
781 3391 833 3442 hoc
842 3388 949 3460 quidem
960 3393 1060 3462 optime
1071 3393 1225 3466 congruunt

160 3485 223 3523 nem
239 3471 355 3540 ineptum
368 3481 444 3523 vocet
456 3469 577 3535 Cortius,
591 3481 617 3520 et
628 3470 671 3521 in·
714 3487 786 3540 seqq.
801 3469 870 3520 adest
882 3475 1087 3535 occureret-situs,
1100 3487 1148 3526 etc.
1166 3473 1221 3529 Nos

158 3549 195 3604 de
210 3561 321 3602 ιιιιοιιιιι
336 3547 416 3615 diois,
429 3547 502 3620 quod
517 3550 544 3602 in
560 3549 670 3602 Venetis
714 3549 776 3601 bella
797 3550 1023 3621 reposuissemus,
1045 3553 1075 3604 ni
1096 3571 1157 3605 uera
1182 3567 1222 3608 tot

159 3629 254 3700 primis
270 3641 324 3695 est,
340 3629 411 3681 decus
424 3629 530 3682 ordines
545 3629 616 3700 luejus
632 3635 670 3681 in·
714 3629 913 3682 auctoritatibus
920 3631 1057 3684 niteretur.
1066 3631 1143 3686 Adde
1149 3633 1223 3704 quod

161 3713 234 3762 ustis
250 3709 375 3762 Ceterum
390 3711 525 3762 Manutius
540 3721 567 3762 et
581 3709 671 3781 plures
714 3709 786 3762 idem
805 3727 895 3763 sensus
917 3721 963 3764 est.
985 3711 1054 3764 Nem
1077 3711 1143 3784 quid
1165 3727 1222 3768 tum

161 3789 206 3841 alii
226 3799 357 3841 testentur
374 3789 402 3841 in
422 3790 535 3860 antiquis
554 3789 629 3843 libris
642 3788 672 3842 id
715 3801 882 3858 erutuerrou,
899 3792 915 3843 i.
933 3811 957 3845 e.
974 3810 1095 3863 aequum,
1111 3795 1223 3864 justum,

161 3869 229 3940 legi,
247 3867 323 3940 qnod
345 3867 539 3922 dedimtuoe·
563 3869 671 3939 cemgt.
716 3883 742 3924 et
757 3871 910 3942 reipublice
925 3873 1099 3938 conveniens,
1114 3893 1166 3928 mss
1158 3876 1226 3929 bel·

156 3950 192 4003 ·.C
212 3950 358 4019 Cethegus,
373 3951 422 4021 qui
435 3961 526 4021 postes
543 3969 606 4002 cum
622 3951 673 4004 Cn·
717 3945 1227 4022 luigereresdversushostiliesusum?

155 4027 672 4100 tilinseoojorevit37id.Cstil.XV11,
717 4031 866 4102 -Augrte
884 4035 1014 4103 ingenium.
1033 4033 1103 4089 illibi
1121 4054 1227 4109 quoque
