2916 4630
386 457 391 464 .
434 473 437 480 Ι
484 449 492 466 .
544 399 802 469 CATILINA.
1159 401 1208 474 65

141 558 249 623 mora,
264 529 325 600 ubi
347 531 491 626 primum
509 529 632 626 legatos
654 533 688 599 in
703 529 776 600 foro
798 532 984 625 conspexit,
998 545 1210 626 percontatus

143 665 247 734 pauca
270 638 314 707 de
336 650 425 706 statu
449 639 604 724 civitatis,
619 651 653 706 et
673 639 765 732 quasi
787 633 902 706 dolens
923 637 993 731 ejus
1015 662 1143 728 casum,
1159 667 1209 711 re·
1306 650 1308 666 '

143 748 272 839 quirere
294 743 414 838 coepit,
429 766 525 837 quem
540 745 663 812 exitum
680 744 779 812 tantis
801 742 895 812 malis
916 743 1107 838 sperarent?
1122 747 1211 817 Post·

144 875 242 945 qnam
264 848 338 920 illos
352 847 444 918 videt
455 851 548 944 queri
565 849 607 918 de
621 851 758 918 avaritia
774 851 1044 944 magistratuum,
1056 875 1211 924 accusare

146 954 421 1050 senatum,quod.
437 957 471 1024 in
492 981 532 1025 eo
554 954 663 1024 auxilii
684 954 764 1024 nihil
786 969 891 1042 esset,
909 957 1045 1026 miseriis
1067 959 1133 1028 suis
1159 985 1211 1029 re·

148 1061 296 1130 medinm
309 1067 456 1131 'mortem
478 1077 667 1194 exspectare
685 1087 692 1128 :
714 1091 733 1126 α
751 1063 796 1130 At
816 1085 896 1156 ego,
909 1063 1030 1156 inquit,
1046 1065 1162 1154 vobis,
1184 1069 1212 1137 si

149 1167 251 1236 modo
272 1167 332 1235 viri
345 1193 414 1238 esse
435 1167 532 1238 voltis
552 1169 732 1256 ‚rationem
754 1167 941 1254 ostendam,
956 1191 1021 1262 qua
1042 1185 1133 1239 tanta
1150 1173 1212 1242 ista

150 1272 236 1341 mala
254 1272 424 1368 effugiatis.
440 1277 551 1343 »Haec
572 1274 628 1342 ubi
649 1274 749 1361 dixit,
763 1272 957 1368 Allobroges
971 1277 1005 1342 in
1022 1299 1212 1348 maxumam

151 1403 240 1473 spem
257 1379 391 1449 adducti
403 1380 614 1449 Umbrenum
631 1405 743 1467 orare,
754 1381 802 1448 uti
817 1381 867 1448 sui
884 1381 1114 1450 misereretur:
1130 1383 1212 1453 nihil

149 1499 214 1554 tarn
236 1510 408 1581 asperum,
423 1509 529 1580 neque
551 1500 619 1556 tam
641 1485 773 1556 difficile
793 1511 880 1573 esse,
896 1488 975 1581 quin
992 1487 1213 1582 cupidissume

150 1590 266 1662 facturi
287 1577 426 1680 essent⁶‚
439 1591 519 1661 dum
540 1617 579 1662 ea
597 1617 648 1662 res
667 1594 831 1662 civitatem
848 1617 911 1661 aere
925 1593 1032 1662 alieno
1048 1592 1210 1666 liberaret.

148 1695 206 1766 Ille
227 1723 285 1768 eos
307 1701 342 1766 in
363 1697 500 1768 domum
514 1701 556 1768 D.
571 1699 682 1768 Bruti⁷
697 1699 864 1794 perducit;
880 1700 969 1792 quod
988 1699 1061 1770 foro
1083 1704 1214 1797 propin-

151 1827 213 1896 qua
226 1820 314 1892 erat,
326 1829 433 1898 neque
451 1802 555 1873 aliena
568 1803 709 1890 consilii,
725 1820 861 1900 propter
876 1807 1121 1901 Semproniam3
1134 1833 1213 1878 nam

152 1921 219 1978 tum
240 1914 364 1980 Brutus
379 1911 421 1979 ab
444 1912 550 1980 Roma
571 1898 711 1980 aberat⁸.
730 1913 892 1981 Praeterca
910 1913 1088 1982 Gabinium
1106 1938 1212 1985 arces·

134 2016 209 2101 sit,
225 2041 292 2108 quo
319 2017 425 2110 major
451 2017 627 2086 auctoritas
654 2019 797 2086 sermoni
824 2019 951 2086 inesset.
976 2021 1026 2087 Εο
1053 2035 1213 2112 praesente

153 2121 410 2213 conjurationem
438 2124 565 2216 aperit:
584 2125 734 2192 nominat
761 2123 886 2210 socios,
907 2137 1066 2216 praeterea
1092 2124 1214 2195 multos

192 2349 219 2402 5.
234 2348 296 2402 Si...
309 2354 360 2402 virt
369 2370 417 2402 esse
425 2351 508 2404 voltis.
520 2341 549 2403 si'
560 2349 661 2404 animm
704 2349 846 2403 verisimile
866 2367 921 2402 non
943 2362 982 2403 est
1004 2350 1143 2404 librarium
1165 2354 1213 2406 ali-

153 2438 180 2480 st
206 2427 389 2482 fortitudinem
407 2435 514 2482 virorum
537 2430 662 2484 exhibere
704 2427 1214 2503 qnesnindeteriorisaeculo,vulgstsrn

154 2507 239 2562 vultis
254 2508 339 2562 Nemo
360 2510 444 2562 nescit
459 2515 619 2581 oinon,per
634 2527 661 2563 ss
703 2522 847 2579 notamque
855 2509 905 2560 sibi
916 2527 1007 2562 vocem
1020 2511 1150 2580 rejecisse,
1162 2513 1213 2564 rni-

154 2600 180 2640 et
189 2587 246 2641 sine
256 2587 401 2660 adjectivo,
411 2607 480 2660 ssepe
488 2592 661 2656 oirumfhrtem
704 2589 932 2659 nusqueusitstsm
942 2586 1087 2643 adscivisse.
1097 2589 1155 2643 Hoc
1166 2607 1213 2644 au·

154 2666 276 2721 indicere.
293 2669 336 2721 Sic
350 2668 408 2736 niv,
426 2686 451 2734 r,
469 2677 524 2732 41:
544 2695 555 2716 ι
572 2669 661 2721 Tuum
704 2681 757 2721 tem
764 2668 823 2720 loco
830 2667 1049 2738 elegantissimum
1056 2674 1215 2742 estquimet,

153 2759 205 2812 est,
220 2747 311 2812 Serri,
322 2748 345 2800 si
354 2752 395 2799 uir
406 2767 445 2812 es,
456 2765 575 2819 regnum.
590 2773 601 2795 ι
618 2747 662 2802 sic
703 2747 725 2800 si
734 2748 863 2813 resolvas,
874 2745 945 2800 idem
956 2749 1067 2814 valetus
1077 2750 1143 2822 quod
1150 2769 1211 2814 non,

152 2825 212 2879 salt
228 2827 276 2880 inl.
289 2827 400 2881 LVIII:
417 2853 428 2874 ι
443 2825 511 2880 loeda
527 2841 605 2898 atque
619 2827 661 2880 in·
704 2845 765 2890 seu,
785 2839 813 2878 ut
833 2827 896 2878 illud
908 2847 963 2881 non.
985 2825 1084 2881 Eadem
1105 2848 1213 2900 prorsus

152 2904 287 2959 toleranda
299 2910 369 2958 cuis.
383 2931 394 2954 ι
412 2907 446 2959 Et
458 2907 507 2959 ulia
520 2907 624 2978 passim.
638 2908 661 2959 Δ
703 2907 805 2959 ratione
815 2907 970 2960 resolvimus
978 2907 1006 2959 in
1018 2927 1105 2979 super.
1118 2911 1211 2982 capite.

152 2990 205 3038 virs
222 2983 365 3039 deducitur
376 2991 465 3048 uis-tm,
480 3005 534 3057 quo
552 2987 661 3038 nomine
746 3004 771 3055 7.
788 2987 824 3038 D.
840 2987 920 3038 Bruti.
941 2988 993 3039 Cui
1008 2985 1138 3056 diximus,
1154 3007 1211 3062 cap.

152 3063 423 3138 comprehenduntur,
428 3083 600 3137 quacumque
612 3063 661 3118 do·
704 3064 792 3132 XXV,
800 3077 910 3136 nuptam
923 3067 1004 3119 luisse
1019 3067 1211 3139 Semproniam.

152 3156 190 3198 tes
202 3149 282 3198 uinus
297 3145 424 3199 efficiunt.
745 3147 771 3199 8.
785 3145 828 3198 At
840 3146 917 3197 Roma
926 3145 1016 3199 aderat.
1029 3146 1122 3200 Plures
1135 3149 1210 3202 MSS.

192 3228 218 3278 6.
232 3227 300 3296 (rura
313 3225 660 3295 cupr'dissumesacusrs'essent.
704 3225 781 3276 Roma
795 3224 891 3286 aberat,
909 3225 1003 3278 omissa
1015 3227 1211 3298 propositione.
1318 3273 1322 3280 .

153 3303 218 3374 Quis
227 3323 279 3376 pro
287 3304 418 3376 quodiana,
428 3321 486 3376 qun
493 3305 574 3358 rerba
582 3305 661 3358 etium
703 3301 755 3356 Sed
766 3303 914 3356 Priscianus
921 3305 940 3356 l.
951 3322 1001 3356 xv:
1016 3329 1027 3351 ι
1036 3305 1213 3360 Inveniuntur

152 3383 180 3435 iu
189 3384 301 3456 rnlgatis
308 3385 439 3456 leguntur.
450 3383 501 3438 Sed
511 3389 568 3458 quin
576 3403 591 3437 e
599 3383 659 3438 cod.
704 3396 806 3447 nmen,
819 3382 920 3452 inquit,
935 3395 960 3433 et
972 3400 1033 3434 curn
1045 3375 1211 3454 prepositio-

152 3463 247 3516 Venet.
258 3463 351 3518 Rivius
357 3463 564 3536 protulit,quern
570 3477 660 3535 postea
703 3463 781 3515 nibus
795 3460 903 3514 nomina
917 3461 1053 3514 civitatum
1065 3479 1133 3533 soepe
1147 3483 1211 3534 pro·

152 3539 297 3596 doctissimi
309 3544 464 3615 interpretes
472 3544 576 3614 sequuti
590 3555 659 3598 sunt.
703 3542 809 3606 lamet
831 3541 943 3594 maxime
968 3539 1040 3612 apud
1063 3541 1209 3597 historicos.

152 3620 187 3673 Et
195 3641 280 3675 avero
286 3621 395 3693 quidem
404 3643 458 3676 non
467 3623 592 3676 abhorret
598 3624 663 3695 quod
703 3622 812 3674 Livius:
826 3633 943 3672 ueneram
953 3633 978 3671 et
990 3621 1023 3672 sb
1034 3621 1142 3674 Lamon
1154 3621 1211 3674 Ars-
1280 3679 1291 3701 ι

151 3720 199 3753 son
213 3703 348 3756 invectum
362 3721 416 3756 esse
432 3703 465 3755 sl>
480 3703 568 3774 aliquo
579 3702 660 3774 libra·
705 3705 782 3773 risque
801 3701 900 3754 milia.
916 3700 1061 3754 sallustia
1080 3702 1137 3754 Cat.
1156 3721 1212 3753 nom
1288 3697 1293 3704 “

150 3782 210 3846 rio,
220 3783 264 3835 cui
278 3801 333 3836 non
348 3783 409 3835 satis
423 3783 532 3854 planum
547 3782 661 3852 satisque
705 3793 754 3832 trun
769 3782 859 3834 Brutis
875 3782 907 3834 ab
920 3782 997 3834 Roma
1013 3781 1103 3833 abemt.
1118 3781 1212 3834 Cicero

151 3862 277 3914 usitatum
291 3861 431 3915 ridebatur
443 3867 507 3934 quia.
518 3859 569 3914 Sed
577 3879 660 3932 quum
704 3859 785 3913 modo
809 3861 909 3914 omittit
933 3861 1161 3932 praepositionem,
1181 3873 1212 3914 ut

149 3959 194 3992 res
208 3941 236 3993 in
251 3942 374 4014 smlsiguo
388 3954 441 4006 est,
451 3941 571 4013 preferri
582 3939 662 3994 debet
704 3941 732 3992 in
745 3941 878 4012 epistolis:
892 3942 957 4013 quod
966 3941 1038 3992 uideo
1048 3950 1133 3991 omnes*
1139 3939 1211 3994 bonos

148 4019 229 4074 lectio
244 4021 331 4075 minus
345 4021 474 4092 vulgaris,
489 4033 520 4073 ut
534 4038 593 4091 qun
607 4019 660 4073 ele-
705 4020 784 4072 abesse
806 4021 882 4072 noma
892 4041 902 4081 ,·
919 4018 1001 4072 modo
1022 4016 1111 4085 addit,
1131 4033 1162 4074 ut
1182 4021 1211 4074 iu

146 4099 660 4172 gantioretantiquiorsssesoleatNrm
705 4099 832 4165 Verrem
845 4099 925 4152 absos
942 4099 976 4152 ab
997 4099 1075 4154 domn
1091 4101 1160 4172 Ιὶιν.Ι

1002 4203 1022 4277 5
