<?xml version="1.0" encoding="UTF-8"?>
<!DOCTYPE html PUBLIC "-//W3C//DTD XHTML 1.0 Transitional//EN"
    "http://www.w3.org/TR/xhtml1/DTD/xhtml1-transitional.dtd">
<html xmlns="http://www.w3.org/1999/xhtml" xml:lang="en" lang="en">
 <head>
  <title>
</title>
<meta http-equiv="Content-Type" content="text/html;charset=utf-8" />
  <meta name='ocr-system' content='tesseract 3.04.00' />
  <meta name='ocr-capabilities' content='ocr_page ocr_carea ocr_par ocr_line ocrx_word'/>
</head>
<body>
  <div class='ocr_page' id='page_1' title='image "./caiuscrispussal01sallgoog_0415.png"; bbox 0 0 2910 4666; ppageno 0'>
   <div class='ocr_carea' id='block_1_1' title="bbox 514 393 1204 492">
    <p class='ocr_par' dir='ltr' id='par_1_1' title="bbox 514 393 1204 492">
     <span class='ocr_line' id='line_1_1' title="bbox 514 393 1204 492; baseline 0 -26"><span class='ocrx_word' id='word_1_1' title='bbox 514 396 854 468; x_wconf 75' lang='lat' dir='ltr'><strong>FRAGMENTA.</strong></span> <span class='ocrx_word' id='word_1_2' title='bbox 1132 393 1204 492; x_wconf 70' lang='lat'>³47</span> 
     </span>
    </p>
   </div>
   <div class='ocr_carea' id='block_1_2' title="bbox 150 524 1216 2324">
    <p class='ocr_par' dir='ltr' id='par_1_2' title="bbox 150 524 1216 2008">
     <span class='ocr_line' id='line_1_2' title="bbox 151 524 1209 625; baseline -0.002 -27"><span class='ocrx_word' id='word_1_3' title='bbox 151 527 270 599; x_wconf 87' lang='lat' dir='ltr'>eundis</span> <span class='ocrx_word' id='word_1_4' title='bbox 292 529 391 598; x_wconf 88' lang='lat' dir='ltr'>rebus</span> <span class='ocrx_word' id='word_1_5' title='bbox 405 531 484 599; x_wconf 86' lang='lat' dir='ltr'>oriri</span> <span class='ocrx_word' id='word_1_6' title='bbox 501 545 592 599; x_wconf 80' lang='lat' dir='ltr'>sueta</span> <span class='ocrx_word' id='word_1_7' title='bbox 614 528 715 617; x_wconf 86' lang='lat' dir='ltr'>mala,</span> <span class='ocrx_word' id='word_1_8' title='bbox 730 545 806 625; x_wconf 90' lang='lat' dir='ltr'>post</span> <span class='ocrx_word' id='word_1_9' title='bbox 822 529 1030 624; x_wconf 76' lang='lat' dir='ltr'>Carthaginis</span> <span class='ocrx_word' id='word_1_10' title='bbox 1045 524 1209 598; x_wconf 85' lang='lat' dir='ltr'><strong>excidium</strong></span> 
     </span>
     <span class='ocr_line' id='line_1_3' title="bbox 152 635 1210 730; baseline -0.003 -26"><span class='ocrx_word' id='word_1_11' title='bbox 152 661 308 704; x_wconf 82' lang='lat' dir='ltr'>maxume</span> <span class='ocrx_word' id='word_1_12' title='bbox 332 651 430 705; x_wconf 80' lang='lat' dir='ltr'>aucta</span> <span class='ocrx_word' id='word_1_13' title='bbox 448 650 533 706; x_wconf 92' lang='lat' dir='ltr'>sunt.</span> <span class='ocrx_word' id='word_1_14' title='bbox 553 639 641 706; x_wconf 85' lang='lat' dir='ltr'>Nam</span> <span class='ocrx_word' id='word_1_15' title='bbox 661 636 787 730; x_wconf 72' lang='lat' dir='ltr'>injurie</span> <span class='ocrx_word' id='word_1_16' title='bbox 806 635 1018 723; x_wconf 78' lang='lat' dir='ltr'>validiorum,</span> <span class='ocrx_word' id='word_1_17' title='bbox 1036 649 1070 704; x_wconf 87' lang='lat' dir='ltr'>et</span> <span class='ocrx_word' id='word_1_18' title='bbox 1090 635 1134 703; x_wconf 93' lang='lat' dir='ltr'>ob</span> <span class='ocrx_word' id='word_1_19' title='bbox 1155 657 1210 702; x_wconf 82' lang='lat' dir='ltr'>eas</span> 
     </span>
     <span class='ocr_line' id='line_1_4' title="bbox 153 740 1211 838; baseline -0.002 -28"><span class='ocrx_word' id='word_1_20' title='bbox 153 740 309 812; x_wconf 84' lang='lat' dir='ltr'>discessio</span> <span class='ocrx_word' id='word_1_21' title='bbox 323 741 451 837; x_wconf 82' lang='lat' dir='ltr'>plebise</span> <span class='ocrx_word' id='word_1_22' title='bbox 462 741 772 838; x_wconf 81' lang='lat' dir='ltr'>patribus,aliaeque</span> <span class='ocrx_word' id='word_1_23' title='bbox 786 742 1001 812; x_wconf 84' lang='lat' dir='ltr'>dissensiones</span> <span class='ocrx_word' id='word_1_24' title='bbox 1014 741 1104 810; x_wconf 91' lang='lat' dir='ltr'>domi</span> <span class='ocrx_word' id='word_1_25' title='bbox 1119 741 1211 809; x_wconf 86' lang='lat' dir='ltr'>fuere</span> 
     </span>
     <span class='ocr_line' id='line_1_5' title="bbox 150 842 1211 944; baseline 0 -30"><span class='ocrx_word' id='word_1_26' title='bbox 150 847 222 940; x_wconf 83' lang='lat' dir='ltr'>jam</span> <span class='ocrx_word' id='word_1_27' title='bbox 239 849 316 918; x_wconf 91' lang='lat' dir='ltr'>inde</span> <span class='ocrx_word' id='word_1_28' title='bbox 330 842 355 917; x_wconf 73' lang='lat' dir='ltr'>a&#39;</span> <span class='ocrx_word' id='word_1_29' title='bbox 369 850 551 944; x_wconf 82' lang='lat' dir='ltr'>principi03</span> <span class='ocrx_word' id='word_1_30' title='bbox 569 874 676 944; x_wconf 88' lang='lat' dir='ltr'>neque</span> <span class='ocrx_word' id='word_1_31' title='bbox 689 848 955 944; x_wconf 82' lang='lat' dir='ltr'>amplius&#39;quam,</span> <span class='ocrx_word' id='word_1_32' title='bbox 967 848 1099 942; x_wconf 85' lang='lat' dir='ltr'>regibus</span> <span class='ocrx_word' id='word_1_33' title='bbox 1117 871 1211 915; x_wconf 86' lang='lat' dir='ltr'>exac-</span> 
     </span>
     <span class='ocr_line' id='line_1_6' title="bbox 154 953 1213 1050; baseline 0 -29"><span class='ocrx_word' id='word_1_34' title='bbox 154 956 214 1039; x_wconf 89' lang='lat' dir='ltr'>tis,</span> <span class='ocrx_word' id='word_1_35' title='bbox 229 955 307 1024; x_wconf 92' lang='lat' dir='ltr'>dum</span> <span class='ocrx_word' id='word_1_36' title='bbox 330 970 437 1025; x_wconf 89' lang='lat' dir='ltr'>metus</span> <span class='ocrx_word' id='word_1_37' title='bbox 454 980 474 1024; x_wconf 85' lang='lat' dir='ltr'>a</span> <span class='ocrx_word' id='word_1_38' title='bbox 492 957 669 1050; x_wconf 88' lang='lat' dir='ltr'>Tarquinio</span> <span class='ocrx_word' id='word_1_39' title='bbox 686 969 720 1024; x_wconf 91' lang='lat' dir='ltr'>et</span> <span class='ocrx_word' id='word_1_40' title='bbox 739 953 861 1024; x_wconf 90' lang='lat' dir='ltr'>bellum</span> <span class='ocrx_word' id='word_1_41' title='bbox 873 979 973 1049; x_wconf 80' lang='lat' dir='ltr'>grave</span> <span class='ocrx_word' id='word_1_42' title='bbox 987 979 1063 1023; x_wconf 92' lang='lat' dir='ltr'>curn</span> <span class='ocrx_word' id='word_1_43' title='bbox 1079 955 1213 1022; x_wconf 84' lang='lat' dir='ltr'>Etruria</span> 
     </span>
     <span class='ocr_line' id='line_1_7' title="bbox 155 1060 1212 1156; baseline -0.002 -28"><span class='ocrx_word' id='word_1_44' title='bbox 155 1061 299 1154; x_wconf 89' lang='lat' dir='ltr'>positum</span> <span class='ocrx_word' id='word_1_45' title='bbox 321 1077 389 1148; x_wconf 86' lang='lat' dir='ltr'>est,</span> <span class='ocrx_word' id='word_1_46' title='bbox 408 1087 502 1156; x_wconf 85' lang='lat' dir='ltr'>aequo</span> <span class='ocrx_word' id='word_1_47' title='bbox 523 1077 556 1130; x_wconf 88' lang='lat' dir='ltr'>et</span> <span class='ocrx_word' id='word_1_48' title='bbox 574 1062 723 1131; x_wconf 88' lang='lat' dir='ltr'>modesto</span> <span class='ocrx_word' id='word_1_49' title='bbox 741 1061 816 1154; x_wconf 90' lang='lat' dir='ltr'>jure</span> <span class='ocrx_word' id='word_1_50' title='bbox 837 1063 993 1156; x_wconf 83' lang='lat' dir='ltr'>agitatum</span> <span class='ocrx_word' id='word_1_51' title='bbox 1014 1060 1119 1128; x_wconf 91' lang='lat' dir='ltr'>:dein</span> <span class='ocrx_word' id='word_1_52' title='bbox 1141 1083 1212 1126; x_wconf 87' lang='lat' dir='ltr'>ser-</span> 
     </span>
     <span class='ocr_line' id='line_1_8' title="bbox 154 1164 1212 1263; baseline 0 -32"><span class='ocrx_word' id='word_1_53' title='bbox 154 1164 212 1234; x_wconf 87' lang='lat' dir='ltr'>vili</span> <span class='ocrx_word' id='word_1_54' title='bbox 224 1168 362 1262; x_wconf 88' lang='lat' dir='ltr'>imperio</span> <span class='ocrx_word' id='word_1_55' title='bbox 373 1183 483 1262; x_wconf 88' lang='lat' dir='ltr'>patres</span> <span class='ocrx_word' id='word_1_56' title='bbox 499 1167 628 1263; x_wconf 88' lang='lat' dir='ltr'>plebem</span> <span class='ocrx_word' id='word_1_57' title='bbox 646 1191 798 1237; x_wconf 83' lang='lat' dir='ltr'>exercere</span> <span class='ocrx_word' id='word_1_58' title='bbox 811 1165 846 1254; x_wconf 85' lang='lat'>¹⁰,</span> <span class='ocrx_word' id='word_1_59' title='bbox 864 1165 905 1235; x_wconf 93' lang='lat' dir='ltr'>de</span> <span class='ocrx_word' id='word_1_60' title='bbox 921 1168 988 1235; x_wconf 87' lang='lat' dir='ltr'>vita</span> <span class='ocrx_word' id='word_1_61' title='bbox 1006 1179 1103 1260; x_wconf 83' lang='lat' dir='ltr'>etque</span> <span class='ocrx_word' id='word_1_62' title='bbox 1118 1179 1212 1258; x_wconf 85' lang='lat' dir='ltr'>tergo</span> 
     </span>
     <span class='ocr_line' id='line_1_9' title="bbox 157 1270 1213 1369; baseline -0.002 -30"><span class='ocrx_word' id='word_1_63' title='bbox 157 1274 249 1366; x_wconf 79' lang='lat' dir='ltr'>regio</span> <span class='ocrx_word' id='word_1_64' title='bbox 260 1273 552 1364; x_wconf 83' lang='lat' dir='ltr'>moreconsulere3</span> <span class='ocrx_word' id='word_1_65' title='bbox 567 1299 647 1369; x_wconf 81' lang='lat' dir='ltr'>egro</span> <span class='ocrx_word' id='word_1_66' title='bbox 659 1273 796 1369; x_wconf 89' lang='lat' dir='ltr'>pellere,</span> <span class='ocrx_word' id='word_1_67' title='bbox 808 1289 859 1361; x_wconf 92' lang='lat' dir='ltr'>et,</span> <span class='ocrx_word' id='word_1_68' title='bbox 877 1275 993 1341; x_wconf 89' lang='lat' dir='ltr'>ceteris</span> <span class='ocrx_word' id='word_1_69' title='bbox 1006 1270 1213 1366; x_wconf 85' lang='lat' dir='ltr'>expertibus,</span> 
     </span>
     <span class='ocr_line' id='line_1_10' title="bbox 156 1377 1214 1475; baseline -0.003 -29"><span class='ocrx_word' id='word_1_70' title='bbox 156 1377 218 1447; x_wconf 87' lang='lat' dir='ltr'>soli</span> <span class='ocrx_word' id='word_1_71' title='bbox 233 1380 266 1447; x_wconf 92' lang='lat' dir='ltr'>in</span> <span class='ocrx_word' id='word_1_72' title='bbox 285 1381 422 1475; x_wconf 90' lang='lat' dir='ltr'>imperio</span> <span class='ocrx_word' id='word_1_73' title='bbox 435 1405 541 1475; x_wconf 84' lang='lat' dir='ltr'>agere.</span> <span class='ocrx_word' id='word_1_74' title='bbox 557 1382 686 1470; x_wconf 88' lang='lat' dir='ltr'>Quibus</span> <span class='ocrx_word' id='word_1_75' title='bbox 698 1381 844 1466; x_wconf 85' lang='lat' dir='ltr'>saevitiis,</span> <span class='ocrx_word' id='word_1_76' title='bbox 859 1394 893 1448; x_wconf 91' lang='lat' dir='ltr'>et</span> <span class='ocrx_word' id='word_1_77' title='bbox 909 1403 1062 1452; x_wconf 76' lang='lat' dir='ltr'>maxume</span> <span class='ocrx_word' id='word_1_78' title='bbox 1079 1377 1214 1446; x_wconf 86' lang='lat' dir='ltr'>soenoris</span> 
     </span>
     <span class='ocr_line' id='line_1_11' title="bbox 156 1479 1214 1581; baseline -0.004 -29"><span class='ocrx_word' id='word_1_79' title='bbox 156 1509 259 1554; x_wconf 90' lang='lat' dir='ltr'>onere</span> <span class='ocrx_word' id='word_1_80' title='bbox 269 1511 426 1580; x_wconf 85' lang='lat' dir='ltr'>oppressa</span> <span class='ocrx_word' id='word_1_81' title='bbox 439 1485 568 1581; x_wconf 89' lang='lat' dir='ltr'>plebes,</span> <span class='ocrx_word' id='word_1_82' title='bbox 577 1511 679 1581; x_wconf 92' lang='lat' dir='ltr'>quum</span> <span class='ocrx_word' id='word_1_83' title='bbox 695 1486 833 1556; x_wconf 82' lang='lat' dir='ltr'>assiduis</span> <span class='ocrx_word' id='word_1_84' title='bbox 844 1485 937 1554; x_wconf 87' lang='lat' dir='ltr'>bellis</span> <span class='ocrx_word' id='word_1_85' title='bbox 949 1485 1108 1554; x_wconf 88' lang='lat' dir='ltr'>tributum</span> <span class='ocrx_word' id='word_1_86' title='bbox 1119 1479 1214 1551; x_wconf 91' lang='lat' dir='ltr'>simul</span> 
     </span>
     <span class='ocr_line' id='line_1_12' title="bbox 157 1591 1216 1686; baseline -0.004 -27"><span class='ocrx_word' id='word_1_87' title='bbox 157 1605 192 1659; x_wconf 86' lang='lat' dir='ltr'>et</span> <span class='ocrx_word' id='word_1_88' title='bbox 205 1591 353 1660; x_wconf 82' lang='lat' dir='ltr'>militiam</span> <span class='ocrx_word' id='word_1_89' title='bbox 366 1592 537 1681; x_wconf 81' lang='lat' dir='ltr'>toleraret,</span> <span class='ocrx_word' id='word_1_90' title='bbox 555 1607 680 1662; x_wconf 82' lang='lat' dir='ltr'>armata</span> <span class='ocrx_word' id='word_1_91' title='bbox 695 1607 840 1662; x_wconf 88' lang='lat' dir='ltr'>montem</span> <span class='ocrx_word' id='word_1_92' title='bbox 857 1616 987 1662; x_wconf 87' lang='lat' dir='ltr'>sacrum</span> <span class='ocrx_word' id='word_1_93' title='bbox 1003 1607 1100 1686; x_wconf 86' lang='lat' dir='ltr'>atque</span> <span class='ocrx_word' id='word_1_94' title='bbox 1111 1593 1216 1658; x_wconf 88' lang='lat' dir='ltr'>Aven-</span> 
     </span>
     <span class='ocr_line' id='line_1_13' title="bbox 156 1696 1214 1794; baseline -0.004 -28"><span class='ocrx_word' id='word_1_95' title='bbox 156 1699 264 1766; x_wconf 92' lang='lat' dir='ltr'>tinum</span> <span class='ocrx_word' id='word_1_96' title='bbox 283 1698 408 1768; x_wconf 88' lang='lat' dir='ltr'>insedit.</span> <span class='ocrx_word' id='word_1_97' title='bbox 426 1701 576 1794; x_wconf 87' lang='lat' dir='ltr'>Tumque</span> <span class='ocrx_word' id='word_1_98' title='bbox 587 1699 738 1769; x_wconf 88' lang='lat' dir='ltr'>tribunos</span> <span class='ocrx_word' id='word_1_99' title='bbox 752 1698 857 1794; x_wconf 87' lang='lat' dir='ltr'>plebis</span> <span class='ocrx_word' id='word_1_100' title='bbox 871 1696 982 1768; x_wconf 82' lang='lat' dir='ltr'>etalio</span> <span class='ocrx_word' id='word_1_101' title='bbox 996 1697 1057 1766; x_wconf 87' lang='lat' dir='ltr'>sibi</span> <span class='ocrx_word' id='word_1_102' title='bbox 1071 1697 1145 1790; x_wconf 86' lang='lat' dir='ltr'>jura</span> <span class='ocrx_word' id='word_1_103' title='bbox 1157 1720 1214 1789; x_wconf 85' lang='lat' dir='ltr'>pa-</span> 
     </span>
     <span class='ocr_line' id='line_1_14' title="bbox 157 1803 1215 1900; baseline -0.003 -29"><span class='ocrx_word' id='word_1_104' title='bbox 157 1805 253 1872; x_wconf 78' lang='lat' dir='ltr'>ravit.</span> <span class='ocrx_word' id='word_1_105' title='bbox 279 1805 527 1884; x_wconf 80' lang='lat' dir='ltr'>Discordiamm</span> <span class='ocrx_word' id='word_1_106' title='bbox 545 1821 579 1874; x_wconf 88' lang='lat' dir='ltr'>et</span> <span class='ocrx_word' id='word_1_107' title='bbox 598 1807 784 1876; x_wconf 79' lang='lat' dir='ltr'>certaminis</span> <span class='ocrx_word' id='word_1_108' title='bbox 802 1807 967 1900; x_wconf 86' lang='lat' dir='ltr'>utrimque</span> <span class='ocrx_word' id='word_1_109' title='bbox 989 1805 1063 1872; x_wconf 86' lang='lat' dir='ltr'>finis</span> <span class='ocrx_word' id='word_1_110' title='bbox 1083 1803 1145 1871; x_wconf 88' lang='lat' dir='ltr'>fuit</span> <span class='ocrx_word' id='word_1_111' title='bbox 1167 1825 1215 1872; x_wconf 86' lang='lat' dir='ltr'>se·</span> 
     </span>
     <span class='ocr_line' id='line_1_15' title="bbox 156 1909 838 2008; baseline -0.001 -29"><span class='ocrx_word' id='word_1_112' title='bbox 156 1909 305 1979; x_wconf 85' lang='lat' dir='ltr'>cundum</span> <span class='ocrx_word' id='word_1_113' title='bbox 326 1909 448 1980; x_wconf 84' lang='lat' dir='ltr'>bellum</span> <span class='ocrx_word' id='word_1_114' title='bbox 467 1914 636 1982; x_wconf 90' lang='lat' dir='ltr'>Punicum.</span> <span class='ocrx_word' id='word_1_115' title='bbox 656 1915 838 2008; x_wconf 72' lang='lat' dir='ltr'>Angustia.</span> 
     </span>
    </p>

    <p class='ocr_par' dir='ltr' id='par_1_3' title="bbox 159 2017 1216 2324">
     <span class='ocr_line' id='line_1_16' title="bbox 211 2017 1215 2111; baseline -0.004 -25"><span class='ocrx_word' id='word_1_116' title='bbox 211 2017 408 2111; x_wconf 88' lang='lat' dir='ltr'>Postquam,</span> <span class='ocrx_word' id='word_1_117' title='bbox 419 2033 548 2088; x_wconf 86' lang='lat' dir='ltr'>remoto</span> <span class='ocrx_word' id='word_1_118' title='bbox 557 2033 647 2086; x_wconf 87' lang='lat' dir='ltr'>metu</span> <span class='ocrx_word' id='word_1_119' title='bbox 656 2017 983 2105; x_wconf 81' lang='lat' dir='ltr'>Punico‚simultates</span> <span class='ocrx_word' id='word_1_120' title='bbox 993 2041 1146 2086; x_wconf 83' lang='lat' dir='ltr'>exercere</span> <span class='ocrx_word' id='word_1_121' title='bbox 1155 2039 1215 2082; x_wconf 86' lang='lat' dir='ltr'>va-</span> 
     </span>
     <span class='ocr_line' id='line_1_17' title="bbox 159 2121 1216 2218; baseline -0.003 -26"><span class='ocrx_word' id='word_1_122' title='bbox 159 2147 260 2192; x_wconf 89' lang='lat' dir='ltr'>ouum</span> <span class='ocrx_word' id='word_1_123' title='bbox 273 2122 379 2213; x_wconf 82' lang='lat' dir='ltr'>firit¹¹,</span> <span class='ocrx_word' id='word_1_124' title='bbox 397 2123 545 2218; x_wconf 83' lang='lat' dir='ltr'>plurimae</span> <span class='ocrx_word' id='word_1_125' title='bbox 558 2124 680 2212; x_wconf 87' lang='lat' dir='ltr'>turbae,</span> <span class='ocrx_word' id='word_1_126' title='bbox 699 2124 887 2206; x_wconf 88' lang='lat' dir='ltr'>seditiones,</span> <span class='ocrx_word' id='word_1_127' title='bbox 906 2137 939 2192; x_wconf 86' lang='lat' dir='ltr'>et</span> <span class='ocrx_word' id='word_1_128' title='bbox 956 2121 998 2191; x_wconf 81' lang='lat' dir='ltr'>ad</span> <span class='ocrx_word' id='word_1_129' title='bbox 1013 2137 1216 2218; x_wconf 89' lang='lat' dir='ltr'>postremum</span> 
     </span>
     <span class='ocr_line' id='line_1_18' title="bbox 159 2227 1215 2324; baseline -0.004 -28"><span class='ocrx_word' id='word_1_130' title='bbox 159 2227 247 2297; x_wconf 87' lang='lat' dir='ltr'>bella</span> <span class='ocrx_word' id='word_1_131' title='bbox 267 2228 372 2298; x_wconf 81' lang='lat' dir='ltr'>civilia</span> <span class='ocrx_word' id='word_1_132' title='bbox 396 2245 469 2299; x_wconf 85' lang='lat' dir='ltr'>orta</span> <span class='ocrx_word' id='word_1_133' title='bbox 490 2245 589 2300; x_wconf 93' lang='lat' dir='ltr'>sunt:</span> <span class='ocrx_word' id='word_1_134' title='bbox 609 2229 688 2298; x_wconf 93' lang='lat' dir='ltr'>dum</span> <span class='ocrx_word' id='word_1_135' title='bbox 715 2231 811 2324; x_wconf 83' lang='lat' dir='ltr'>pauci</span> <span class='ocrx_word' id='word_1_136' title='bbox 834 2243 1001 2324; x_wconf 88' lang='lat' dir='ltr'>potentes,</span> <span class='ocrx_word' id='word_1_137' title='bbox 1018 2251 1159 2322; x_wconf 91' lang='lat' dir='ltr'>quorum</span> <span class='ocrx_word' id='word_1_138' title='bbox 1182 2227 1215 2292; x_wconf 94' lang='lat' dir='ltr'>in</span> 
     </span>
    </p>
   </div>
   <div class='ocr_carea' id='block_1_3' title="bbox 159 2331 1216 2431">
    <p class='ocr_par' dir='ltr' id='par_1_4' title="bbox 159 2331 1216 2431">
     <span class='ocr_line' id='line_1_19' title="bbox 159 2331 1216 2431; baseline -0.004 -27"><span class='ocrx_word' id='word_1_139' title='bbox 159 2336 266 2431; x_wconf 81' lang='lat' dir='ltr'>gratia</span> <span class='ocrx_word' id='word_1_140' title='bbox 275 2334 421 2431; x_wconf 89' lang='lat' dir='ltr'>plerique</span> <span class='ocrx_word' id='word_1_141' title='bbox 430 2351 675 2424; x_wconf 86' lang='lat' dir='ltr'>concesserant,</span> <span class='ocrx_word' id='word_1_142' title='bbox 687 2336 748 2406; x_wconf 93' lang='lat' dir='ltr'>sub</span> <span class='ocrx_word' id='word_1_143' title='bbox 759 2336 898 2405; x_wconf 87' lang='lat' dir='ltr'>honesto</span> <span class='ocrx_word' id='word_1_144' title='bbox 905 2349 1037 2430; x_wconf 84' lang='lat' dir='ltr'>patrum</span> <span class='ocrx_word' id='word_1_145' title='bbox 1047 2348 1104 2402; x_wconf 84' lang='lat' dir='ltr'>aut</span> <span class='ocrx_word' id='word_1_146' title='bbox 1113 2331 1216 2428; x_wconf 89' lang='lat' dir='ltr'>plebis</span> 
     </span>
    </p>
   </div>
   <div class='ocr_carea' id='block_1_4' title="bbox 162 2534 1220 4124">
    <p class='ocr_par' dir='ltr' id='par_1_5' title="bbox 162 2534 1220 4124">
     <span class='ocr_line' id='line_1_20' title="bbox 162 2534 1219 2610; baseline -0.003 -22"><span class='ocrx_word' id='word_1_147' title='bbox 162 2547 189 2589; x_wconf 89' lang='lat' dir='ltr'>et</span> <span class='ocrx_word' id='word_1_148' title='bbox 202 2536 344 2608; x_wconf 76' lang='lat' dir='ltr'>scriptores</span> <span class='ocrx_word' id='word_1_149' title='bbox 357 2537 394 2591; x_wconf 90' lang='lat' dir='ltr'>ibi</span> <span class='ocrx_word' id='word_1_150' title='bbox 405 2535 541 2602; x_wconf 69' lang='lat' dir='ltr'>laudatos,</span> <span class='ocrx_word' id='word_1_151' title='bbox 556 2555 666 2610; x_wconf 81' lang='lat' dir='ltr'>presser-</span> <span class='ocrx_word' id='word_1_152' title='bbox 711 2535 791 2608; x_wconf 67' lang='lat' dir='ltr'>Apris</span> <span class='ocrx_word' id='word_1_153' title='bbox 804 2535 816 2586; x_wconf 85' lang='lat'><em>1</em></span> <span class='ocrx_word' id='word_1_154' title='bbox 819 2534 948 2606; x_wconf 71' lang='lat' dir='ltr'>&#39;expulsion</span> <span class='ocrx_word' id='word_1_155' title='bbox 958 2535 1000 2586; x_wconf 80' lang='lat' dir='ltr'>des</span> <span class='ocrx_word' id='word_1_156' title='bbox 1011 2537 1070 2600; x_wconf 80' lang='lat' dir='ltr'>ruis,</span> <span class='ocrx_word' id='word_1_157' title='bbox 1086 2534 1108 2586; x_wconf 83' lang='lat' dir='ltr'>le</span> <span class='ocrx_word' id='word_1_158' title='bbox 1119 2552 1219 2604; x_wconf 65' lang='lat' dir='ltr'>gesom</span> 
     </span>
     <span class='ocr_line' id='line_1_21' title="bbox 162 2615 1217 2690; baseline -0.004 -22"><span class='ocrx_word' id='word_1_159' title='bbox 162 2616 213 2668; x_wconf 86' lang='lat' dir='ltr'>tim</span> <span class='ocrx_word' id='word_1_160' title='bbox 231 2615 315 2670; x_wconf 78' lang='lat' dir='ltr'>Tacit.</span> <span class='ocrx_word' id='word_1_161' title='bbox 331 2617 399 2671; x_wconf 83' lang='lat' dir='ltr'>Hist.</span> <span class='ocrx_word' id='word_1_162' title='bbox 415 2636 455 2683; x_wconf 86' lang='lat'>11,</span> <span class='ocrx_word' id='word_1_163' title='bbox 472 2618 518 2671; x_wconf 79' lang='lat'>38.</span> <span class='ocrx_word' id='word_1_164' title='bbox 530 2650 566 2660; x_wconf 96' lang='lat'>-</span> <span class='ocrx_word' id='word_1_165' title='bbox 583 2617 668 2690; x_wconf 79' lang='lat' dir='ltr'>Neque</span> <span class='ocrx_word' id='word_1_166' title='bbox 711 2615 1217 2685; x_wconf 63' lang='lat' dir='ltr'>ammetaitdeuenuaristocmts&#39;queAEm</span> 
     </span>
     <span class='ocr_line' id='line_1_22' title="bbox 162 2693 1217 2769; baseline -0.002 -21"><span class='ocrx_word' id='word_1_167' title='bbox 162 2697 279 2768; x_wconf 66' lang='lat' dir='ltr'>anplius,</span> <span class='ocrx_word' id='word_1_168' title='bbox 292 2717 362 2769; x_wconf 80' lang='lat' dir='ltr'>quam</span> <span class='ocrx_word' id='word_1_169' title='bbox 371 2697 464 2768; x_wconf 62' lang='lat' dir='ltr'>regibus</span> <span class='ocrx_word' id='word_1_170' title='bbox 478 2701 582 2759; x_wconf 62' lang='lat' dir='ltr'>areth,</span> <span class='ocrx_word' id='word_1_171' title='bbox 597 2697 667 2762; x_wconf 84' lang='lat' dir='ltr'>dum,</span> <span class='ocrx_word' id='word_1_172' title='bbox 705 2697 813 2764; x_wconf 68' lang='lat' dir='ltr'>familias</span> <span class='ocrx_word' id='word_1_173' title='bbox 821 2697 980 2767; x_wconf 76' lang='lat' dir='ltr'>patriciennes</span> <span class='ocrx_word' id='word_1_174' title='bbox 996 2695 1129 2748; x_wconf 79' lang='lat' dir='ltr'>obtenoient</span> <span class='ocrx_word' id='word_1_175' title='bbox 1142 2693 1217 2746; x_wconf 71' lang='lat' dir='ltr'>seulee</span> 
     </span>
     <span class='ocr_line' id='line_1_23' title="bbox 162 2774 1218 2849; baseline -0.007 -19"><span class='ocrx_word' id='word_1_176' title='bbox 162 2789 213 2830; x_wconf 81' lang='lat' dir='ltr'>etc.</span> <span class='ocrx_word' id='word_1_177' title='bbox 229 2775 286 2830; x_wconf 85' lang='lat' dir='ltr'>Neo</span> <span class='ocrx_word' id='word_1_178' title='bbox 309 2789 396 2848; x_wconf 74' lang='lat' dir='ltr'>potres</span> <span class='ocrx_word' id='word_1_179' title='bbox 415 2777 483 2849; x_wconf 72' lang='lat' dir='ltr'>equi</span> <span class='ocrx_word' id='word_1_180' title='bbox 508 2791 534 2830; x_wconf 84' lang='lat' dir='ltr'>et</span> <span class='ocrx_word' id='word_1_181' title='bbox 556 2775 669 2830; x_wconf 82' lang='lat' dir='ltr'>modesti</span> <span class='ocrx_word' id='word_1_182' title='bbox 712 2788 788 2842; x_wconf 76' lang='lat' dir='ltr'>toules</span> <span class='ocrx_word' id='word_1_183' title='bbox 808 2776 842 2827; x_wconf 82' lang='lat' dir='ltr'>lss</span> <span class='ocrx_word' id='word_1_184' title='bbox 864 2779 1060 2846; x_wconf 72' lang='lat' dir='ltr'>magistmtures,</span> <span class='ocrx_word' id='word_1_185' title='bbox 1085 2785 1160 2825; x_wconf 80' lang='lat' dir='ltr'>toutes</span> <span class='ocrx_word' id='word_1_186' title='bbox 1183 2774 1218 2824; x_wconf 86' lang='lat' dir='ltr'>les</span> 
     </span>
     <span class='ocr_line' id='line_1_24' title="bbox 162 2853 1216 2928; baseline -0.005 -20"><span class='ocrx_word' id='word_1_187' title='bbox 162 2855 455 2927; x_wconf 77' lang='lat' dir='ltr'>ergaplebemfuerunt</span> <span class='ocrx_word' id='word_1_188' title='bbox 468 2855 669 2928; x_wconf 77' lang='lat' dir='ltr'>diutius,quom</span> <span class='ocrx_word' id='word_1_189' title='bbox 711 2857 831 2926; x_wconf 56' lang='lat' dir='ltr'>dignito,</span> <span class='ocrx_word' id='word_1_190' title='bbox 852 2869 877 2906; x_wconf 82' lang='lat' dir='ltr'>et</span> <span class='ocrx_word' id='word_1_191' title='bbox 892 2876 942 2926; x_wconf 78' lang='lat' dir='ltr'>par</span> <span class='ocrx_word' id='word_1_192' title='bbox 955 2859 1094 2928; x_wconf 69' lang='lat' dir='ltr'>compserit</span> <span class='ocrx_word' id='word_1_193' title='bbox 1112 2866 1164 2905; x_wconf 80' lang='lat' dir='ltr'>tous</span> <span class='ocrx_word' id='word_1_194' title='bbox 1184 2853 1216 2904; x_wconf 74' lang='lat' dir='ltr'>les</span> 
     </span>
     <span class='ocr_line' id='line_1_25' title="bbox 163 2932 1218 3008; baseline -0.002 -20"><span class='ocrx_word' id='word_1_195' title='bbox 163 2934 250 2988; x_wconf 84' lang='lat' dir='ltr'>donec</span> <span class='ocrx_word' id='word_1_196' title='bbox 261 2932 341 3006; x_wconf 89' lang='lat' dir='ltr'>(post</span> <span class='ocrx_word' id='word_1_197' title='bbox 351 2937 472 3008; x_wconf 86' lang='lat' dir='ltr'>expulsos</span> <span class='ocrx_word' id='word_1_198' title='bbox 483 2932 668 3007; x_wconf 77' lang='lat' dir='ltr'>regeslreces·</span> <span class='ocrx_word' id='word_1_199' title='bbox 712 2937 828 2988; x_wconf 81' lang='lat' dir='ltr'>lronneurs</span> <span class='ocrx_word' id='word_1_200' title='bbox 848 2935 971 2988; x_wconf 77' lang='lat' dir='ltr'>militaim</span> <span class='ocrx_word' id='word_1_201' title='bbox 992 2947 1017 2987; x_wconf 79' lang='lat' dir='ltr'>et</span> <span class='ocrx_word' id='word_1_202' title='bbox 1036 2935 1111 2988; x_wconf 69' lang='lat' dir='ltr'>civile.</span> <span class='ocrx_word' id='word_1_203' title='bbox 1132 2933 1218 3004; x_wconf 79' lang='lat' dir='ltr'>Igitur</span> 
     </span>
     <span class='ocr_line' id='line_1_26' title="bbox 163 3013 1217 3089; baseline -0.006 -17"><span class='ocrx_word' id='word_1_204' title='bbox 163 3015 228 3072; x_wconf 76' lang='lat' dir='ltr'>serit</span> <span class='ocrx_word' id='word_1_205' title='bbox 244 3027 330 3068; x_wconf 85' lang='lat' dir='ltr'>metus</span> <span class='ocrx_word' id='word_1_206' title='bbox 348 3016 505 3089; x_wconf 78' lang='lat' dir='ltr'>Tarquinii,</span> <span class='ocrx_word' id='word_1_207' title='bbox 524 3028 550 3068; x_wconf 92' lang='lat' dir='ltr'>et</span> <span class='ocrx_word' id='word_1_208' title='bbox 568 3017 669 3070; x_wconf 86' lang='lat' dir='ltr'>bellum</span> <span class='ocrx_word' id='word_1_209' title='bbox 711 3015 786 3086; x_wconf 84' lang='lat' dir='ltr'>plebs</span> <span class='ocrx_word' id='word_1_210' title='bbox 800 3013 922 3068; x_wconf 86' lang='lat' dir='ltr'>dominos</span> <span class='ocrx_word' id='word_1_211' title='bbox 935 3027 1037 3068; x_wconf 82' lang='lat' dir='ltr'>tantum</span> <span class='ocrx_word' id='word_1_212' title='bbox 1053 3025 1217 3078; x_wconf 76' lang='lat' dir='ltr'>mutaverat,</span> 
     </span>
     <span class='ocr_line' id='line_1_27' title="bbox 163 3093 1218 3167; baseline -0.005 -17"><span class='ocrx_word' id='word_1_213' title='bbox 163 3113 226 3150; x_wconf 82' lang='lat' dir='ltr'>eum</span> <span class='ocrx_word' id='word_1_214' title='bbox 234 3095 351 3149; x_wconf 73' lang='lat' dir='ltr'>Emissis</span> <span class='ocrx_word' id='word_1_215' title='bbox 362 3094 477 3150; x_wconf 78' lang='lat' dir='ltr'>desierit.</span> <span class='ocrx_word' id='word_1_216' title='bbox 485 3095 555 3150; x_wconf 80' lang='lat' dir='ltr'>Note</span> <span class='ocrx_word' id='word_1_217' title='bbox 567 3097 669 3167; x_wconf 64' lang='lat' dir='ltr'>amplus</span> <span class='ocrx_word' id='word_1_218' title='bbox 711 3113 766 3147; x_wconf 92' lang='lat' dir='ltr'>non</span> <span class='ocrx_word' id='word_1_219' title='bbox 780 3107 887 3148; x_wconf 76' lang='lat' dir='ltr'>exueret</span> <span class='ocrx_word' id='word_1_220' title='bbox 898 3096 1061 3148; x_wconf 80' lang='lat' dir='ltr'>servitutem.</span> <span class='ocrx_word' id='word_1_221' title='bbox 1075 3093 1166 3146; x_wconf 79' lang='lat' dir='ltr'>Exncti</span> <span class='ocrx_word' id='word_1_222' title='bbox 1177 3113 1218 3146; x_wconf 87' lang='lat' dir='ltr'>re·</span> 
     </span>
     <span class='ocr_line' id='line_1_28' title="bbox 164 3173 1217 3248; baseline 0 -21"><span class='ocrx_word' id='word_1_223' title='bbox 164 3193 215 3248; x_wconf 76' lang='lat' dir='ltr'>pro</span> <span class='ocrx_word' id='word_1_224' title='bbox 234 3174 342 3235; x_wconf 71' lang='lat' dir='ltr'>ductim,-</span> <span class='ocrx_word' id='word_1_225' title='bbox 358 3187 386 3228; x_wconf 91' lang='lat' dir='ltr'>et</span> <span class='ocrx_word' id='word_1_226' title='bbox 404 3175 472 3229; x_wconf 77' lang='lat' dir='ltr'>bane</span> <span class='ocrx_word' id='word_1_227' title='bbox 494 3187 668 3242; x_wconf 78' lang='lat' dir='ltr'>structurum,</span> <span class='ocrx_word' id='word_1_228' title='bbox 699 3193 755 3246; x_wconf 67' lang='lat' dir='ltr'>¹ges</span> <span class='ocrx_word' id='word_1_229' title='bbox 778 3175 898 3240; x_wconf 76' lang='lat' dir='ltr'>luerunt,</span> <span class='ocrx_word' id='word_1_230' title='bbox 921 3187 952 3228; x_wconf 89' lang='lat' dir='ltr'>ut</span> <span class='ocrx_word' id='word_1_231' title='bbox 974 3173 1117 3246; x_wconf 86' lang='lat' dir='ltr'>imperium</span> <span class='ocrx_word' id='word_1_232' title='bbox 1136 3192 1217 3244; x_wconf 90' lang='lat' dir='ltr'>penes</span> 
     </span>
     <span class='ocr_line' id='line_1_29' title="bbox 164 3253 1220 3328; baseline -0.002 -22"><span class='ocrx_word' id='word_1_233' title='bbox 164 3255 350 3328; x_wconf 62' lang='lat' dir='ltr'>«rapidusquem</span> <span class='ocrx_word' id='word_1_234' title='bbox 371 3255 482 3321; x_wconf 71' lang='lat' dir='ltr'>drus...·,</span> <span class='ocrx_word' id='word_1_235' title='bbox 493 3255 532 3308; x_wconf 91' lang='lat' dir='ltr'>illi</span> <span class='ocrx_word' id='word_1_236' title='bbox 545 3255 669 3326; x_wconf 77' lang='lat' dir='ltr'>vulgatis-</span> <span class='ocrx_word' id='word_1_237' title='bbox 710 3254 840 3326; x_wconf 87' lang='lat' dir='ltr'>populum</span> <span class='ocrx_word' id='word_1_238' title='bbox 850 3271 990 3308; x_wconf 79' lang='lat' dir='ltr'>mosenum</span> <span class='ocrx_word' id='word_1_239' title='bbox 1003 3264 1082 3306; x_wconf 85' lang='lat' dir='ltr'>esset:</span> <span class='ocrx_word' id='word_1_240' title='bbox 1092 3264 1119 3306; x_wconf 92' lang='lat' dir='ltr'>et</span> <span class='ocrx_word' id='word_1_241' title='bbox 1129 3253 1220 3305; x_wconf 84' lang='lat' dir='ltr'>nomi·</span> 
     </span>
     <span class='ocr_line' id='line_1_30' title="bbox 164 3329 1218 3406; baseline -0.003 -18"><span class='ocrx_word' id='word_1_242' title='bbox 164 3335 237 3388; x_wconf 70' lang='lat' dir='ltr'>sime</span> <span class='ocrx_word' id='word_1_243' title='bbox 250 3334 430 3404; x_wconf 80' lang='lat' dir='ltr'>persimilem,</span> <span class='ocrx_word' id='word_1_244' title='bbox 441 3338 519 3406; x_wconf 71' lang='lat' dir='ltr'>magis</span> <span class='ocrx_word' id='word_1_245' title='bbox 528 3354 598 3404; x_wconf 77' lang='lat' dir='ltr'>quam</span> <span class='ocrx_word' id='word_1_246' title='bbox 613 3347 667 3388; x_wconf 67' lang='lat' dir='ltr'>ut...‘</span> <span class='ocrx_word' id='word_1_247' title='bbox 710 3352 745 3386; x_wconf 87' lang='lat' dir='ltr'>ne</span> <span class='ocrx_word' id='word_1_248' title='bbox 760 3331 869 3405; x_wconf 86' lang='lat' dir='ltr'>quidem</span> <span class='ocrx_word' id='word_1_249' title='bbox 880 3345 951 3398; x_wconf 71' lang='lat' dir='ltr'>eret,</span> <span class='ocrx_word' id='word_1_250' title='bbox 964 3331 1010 3386; x_wconf 88' lang='lat' dir='ltr'>sed</span> <span class='ocrx_word' id='word_1_251' title='bbox 1021 3351 1050 3385; x_wconf 90' lang='lat' dir='ltr'>re</span> <span class='ocrx_word' id='word_1_252' title='bbox 1062 3329 1134 3403; x_wconf 80' lang='lat' dir='ltr'>apud</span> <span class='ocrx_word' id='word_1_253' title='bbox 1149 3332 1218 3385; x_wconf 83' lang='lat' dir='ltr'>solos</span> 
     </span>
     <span class='ocr_line' id='line_1_31' title="bbox 163 3412 1219 3486; baseline -0.003 -20"><span class='ocrx_word' id='word_1_254' title='bbox 163 3445 205 3457; x_wconf 90' lang='lat'>-</span> <span class='ocrx_word' id='word_1_255' title='bbox 219 3415 330 3468; x_wconf 80' lang='lat' dir='ltr'>Positum</span> <span class='ocrx_word' id='word_1_256' title='bbox 343 3427 387 3468; x_wconf 79' lang='lat' dir='ltr'>est.</span> <span class='ocrx_word' id='word_1_257' title='bbox 399 3413 501 3468; x_wconf 83' lang='lat' dir='ltr'>Eodem</span> <span class='ocrx_word' id='word_1_258' title='bbox 512 3433 602 3480; x_wconf 86' lang='lat' dir='ltr'>sensu,</span> <span class='ocrx_word' id='word_1_259' title='bbox 614 3433 669 3486; x_wconf 85' lang='lat' dir='ltr'>quo</span> <span class='ocrx_word' id='word_1_260' title='bbox 710 3413 843 3484; x_wconf 81' lang='lat' dir='ltr'>patricios.</span> <span class='ocrx_word' id='word_1_261' title='bbox 851 3413 917 3478; x_wconf 76' lang='lat' dir='ltr'>Qun</span> <span class='ocrx_word' id='word_1_262' title='bbox 929 3412 1102 3464; x_wconf 77' lang='lat' dir='ltr'>maximarum</span> <span class='ocrx_word' id='word_1_263' title='bbox 1114 3429 1219 3482; x_wconf 85' lang='lat' dir='ltr'>semper</span> 
     </span>
     <span class='ocr_line' id='line_1_32' title="bbox 165 3491 1217 3566; baseline -0.006 -17"><span class='ocrx_word' id='word_1_264' title='bbox 165 3493 251 3549; x_wconf 62' lang='lat' dir='ltr'>bearem</span> <span class='ocrx_word' id='word_1_265' title='bbox 259 3497 328 3565; x_wconf 80' lang='lat' dir='ltr'>poni.</span> <span class='ocrx_word' id='word_1_266' title='bbox 341 3495 403 3566; x_wconf 71' lang='lat' dir='ltr'>sug:</span> <span class='ocrx_word' id='word_1_267' title='bbox 419 3495 505 3548; x_wconf 86' lang='lat' dir='ltr'>CXII.</span> <span class='ocrx_word' id='word_1_268' title='bbox 711 3493 849 3545; x_wconf 72' lang='lat' dir='ltr'>turbarum</span> <span class='ocrx_word' id='word_1_269' title='bbox 864 3510 941 3545; x_wconf 75' lang='lat' dir='ltr'>ceusu</span> <span class='ocrx_word' id='word_1_270' title='bbox 953 3491 1019 3558; x_wconf 85' lang='lat' dir='ltr'>l&#39;uit,</span> <span class='ocrx_word' id='word_1_271' title='bbox 1034 3492 1081 3544; x_wconf 91' lang='lat' dir='ltr'>ubi</span> <span class='ocrx_word' id='word_1_272' title='bbox 1094 3509 1136 3544; x_wconf 92' lang='lat' dir='ltr'>res</span> <span class='ocrx_word' id='word_1_273' title='bbox 1155 3509 1217 3544; x_wconf 87' lang='lat' dir='ltr'>cum</span> 
     </span>
     <span class='ocr_line' id='line_1_33' title="bbox 208 3569 1216 3645; baseline -0.004 -19"><span class='ocrx_word' id='word_1_274' title='bbox 208 3592 251 3626; x_wconf 86' lang='grc' dir='ltr'>ιο.</span> <span class='ocrx_word' id='word_1_275' title='bbox 268 3573 356 3627; x_wconf 71' lang='lat' dir='ltr'>Servili</span> <span class='ocrx_word' id='word_1_276' title='bbox 368 3578 464 3644; x_wconf 72' lang='lat' dir='ltr'>deperio</span> <span class='ocrx_word' id='word_1_277' title='bbox 480 3585 561 3645; x_wconf 75' lang='lat' dir='ltr'>patrer</span> <span class='ocrx_word' id='word_1_278' title='bbox 577 3572 669 3643; x_wconf 77' lang='lat' dir='ltr'>plebem</span> <span class='ocrx_word' id='word_1_279' title='bbox 710 3571 798 3625; x_wconf 81' lang='lat' dir='ltr'>verbis</span> <span class='ocrx_word' id='word_1_280' title='bbox 809 3583 987 3643; x_wconf 70' lang='lat' dir='ltr'>pugnant-</span> <span class='ocrx_word' id='word_1_281' title='bbox 996 3569 1104 3628; x_wconf 63' lang='lat' dir='ltr'>Monam</span> <span class='ocrx_word' id='word_1_282' title='bbox 1117 3570 1216 3624; x_wconf 79' lang='lat' dir='ltr'>Sacrum</span> 
     </span>
     <span class='ocr_line' id='line_1_34' title="bbox 166 3649 1217 3726; baseline -0.002 -20"><span class='ocrx_word' id='word_1_283' title='bbox 166 3673 280 3706; x_wconf 69' lang='lat' dir='ltr'>mre.</span> <span class='ocrx_word' id='word_1_284' title='bbox 303 3653 411 3708; x_wconf 77' lang='lat' dir='ltr'>Patr-ioli</span> <span class='ocrx_word' id='word_1_285' title='bbox 425 3653 554 3726; x_wconf 91' lang='lat' dir='ltr'>plebeiis,</span> <span class='ocrx_word' id='word_1_286' title='bbox 571 3664 601 3706; x_wconf 93' lang='lat' dir='ltr'>ut</span> <span class='ocrx_word' id='word_1_287' title='bbox 614 3671 668 3705; x_wconf 89' lang='lat' dir='ltr'>ser·</span> <span class='ocrx_word' id='word_1_288' title='bbox 711 3664 782 3725; x_wconf 80' lang='lat' dir='ltr'>atque</span> <span class='ocrx_word' id='word_1_289' title='bbox 797 3652 949 3705; x_wconf 77' lang='lat' dir='ltr'>Asenn&#39;nuns.</span> <span class='ocrx_word' id='word_1_290' title='bbox 962 3649 1025 3704; x_wconf 86' lang='lat' dir='ltr'>vid.</span> <span class='ocrx_word' id='word_1_291' title='bbox 1035 3651 1095 3722; x_wconf 73' lang='lat' dir='ltr'>Jug.</span> <span class='ocrx_word' id='word_1_292' title='bbox 1109 3651 1217 3714; x_wconf 76' lang='lat' dir='ltr'>ml,</span> 
     </span>
     <span class='ocr_line' id='line_1_35' title="bbox 165 3731 800 3805; baseline -0.005 -17"><span class='ocrx_word' id='word_1_293' title='bbox 165 3733 216 3796; x_wconf 79' lang='lat' dir='ltr'>ris,</span> <span class='ocrx_word' id='word_1_294' title='bbox 231 3733 437 3805; x_wconf 72' lang='lat' dir='ltr'>impeteret-unt.</span> <span class='ocrx_word' id='word_1_295' title='bbox 450 3733 520 3786; x_wconf 78' lang='lat' dir='ltr'>Note</span> <span class='ocrx_word' id='word_1_296' title='bbox 530 3733 669 3786; x_wconf 80' lang='lat' dir='ltr'>vimverbi</span> <span class='ocrx_word' id='word_1_297' title='bbox 711 3751 739 3784; x_wconf 88' lang='lat' dir='ltr'>n.</span> <span class='ocrx_word' id='word_1_298' title='bbox 758 3731 800 3785; x_wconf 81' lang='lat'>15.</span> 
     </span>
     <span class='ocr_line' id='line_1_36' title="bbox 166 3810 1216 3884; baseline -0.004 -18"><span class='ocrx_word' id='word_1_299' title='bbox 166 3833 290 3876; x_wconf 66' lang='lat' dir='ltr'>mmm</span> <span class='ocrx_word' id='word_1_300' title='bbox 303 3813 322 3867; x_wconf 92' lang='lat' dir='ltr'>i.</span> <span class='ocrx_word' id='word_1_301' title='bbox 337 3829 361 3866; x_wconf 87' lang='lat' dir='ltr'>e.</span> <span class='ocrx_word' id='word_1_302' title='bbox 377 3817 485 3884; x_wconf 76' lang='lat' dir='ltr'>agitare,</span> <span class='ocrx_word' id='word_1_303' title='bbox 507 3831 605 3865; x_wconf 69' lang='lat' dir='ltr'>mare.</span> <span class='ocrx_word' id='word_1_304' title='bbox 629 3843 670 3856; x_wconf 90' lang='lat'><em>-</em></span> <span class='ocrx_word' id='word_1_305' title='bbox 755 3829 797 3865; x_wconf 87' lang='lat'>11.</span> <span class='ocrx_word' id='word_1_306' title='bbox 819 3811 929 3864; x_wconf 83' lang='lat' dir='ltr'>Vaeuum</span> <span class='ocrx_word' id='word_1_307' title='bbox 947 3813 1007 3879; x_wconf 79' lang='lat' dir='ltr'>suit.</span> <span class='ocrx_word' id='word_1_308' title='bbox 1030 3810 1124 3864; x_wconf 85' lang='lat' dir='ltr'>Otium</span> <span class='ocrx_word' id='word_1_309' title='bbox 1145 3810 1216 3876; x_wconf 86' lang='lat' dir='ltr'>fuit,</span> 
     </span>
     <span class='ocr_line' id='line_1_37' title="bbox 167 3891 1218 3964; baseline -0.006 -18"><span class='ocrx_word' id='word_1_310' title='bbox 167 3891 260 3946; x_wconf 75' lang='lat' dir='ltr'>Cereris</span> <span class='ocrx_word' id='word_1_311' title='bbox 268 3893 409 3964; x_wconf 69' lang='lat' dir='ltr'>espenibus.</span> <span class='ocrx_word' id='word_1_312' title='bbox 418 3893 459 3947; x_wconf 82' lang='lat' dir='ltr'>So.</span> <span class='ocrx_word' id='word_1_313' title='bbox 468 3893 581 3964; x_wconf 87' lang='lat' dir='ltr'>imperii.</span> <span class='ocrx_word' id='word_1_314' title='bbox 590 3893 670 3946; x_wconf 78' lang='lat' dir='ltr'>Cous.</span> <span class='ocrx_word' id='word_1_315' title='bbox 711 3891 865 3946; x_wconf 87' lang='lat' dir='ltr'>bominibus</span> <span class='ocrx_word' id='word_1_316' title='bbox 880 3891 954 3944; x_wconf 86' lang='lat' dir='ltr'>omni</span> <span class='ocrx_word' id='word_1_317' title='bbox 968 3903 1076 3946; x_wconf 76' lang='lat' dir='ltr'>externa</span> <span class='ocrx_word' id='word_1_318' title='bbox 1091 3909 1155 3944; x_wconf 80' lang='lat' dir='ltr'>oure</span> <span class='ocrx_word' id='word_1_319' title='bbox 1172 3909 1218 3940; x_wconf 79' lang='lat' dir='ltr'>oe·</span> 
     </span>
     <span class='ocr_line' id='line_1_38' title="bbox 167 3969 1218 4046; baseline -0.002 -22"><span class='ocrx_word' id='word_1_320' title='bbox 167 3985 302 4028; x_wconf 71' lang='lat' dir='ltr'>auctorem</span> <span class='ocrx_word' id='word_1_321' title='bbox 328 3975 383 4046; x_wconf 78' lang='lat' dir='ltr'>jem</span> <span class='ocrx_word' id='word_1_322' title='bbox 413 3972 507 4044; x_wconf 71' lang='lat' dir='ltr'>sepius</span> <span class='ocrx_word' id='word_1_323' title='bbox 534 3969 670 4024; x_wconf 71' lang='lat' dir='ltr'>liuditum</span> <span class='ocrx_word' id='word_1_324' title='bbox 712 3975 771 4026; x_wconf 80' lang='lat' dir='ltr'>cuis.</span> <span class='ocrx_word' id='word_1_325' title='bbox 789 4003 827 4014; x_wconf 89' lang='lat'>-</span> <span class='ocrx_word' id='word_1_326' title='bbox 848 3971 955 4041; x_wconf 82' lang='lat' dir='ltr'>Quonmr</span> <span class='ocrx_word' id='word_1_327' title='bbox 974 3975 999 4023; x_wconf 83' lang='lat' dir='ltr'>r&#39;rs</span> <span class='ocrx_word' id='word_1_328' title='bbox 1017 3975 1100 4043; x_wconf 66' lang='lat' dir='ltr'>gretia</span> <span class='ocrx_word' id='word_1_329' title='bbox 1110 3971 1218 4042; x_wconf 76' lang='lat' dir='ltr'>plerique</span> 
     </span>
     <span class='ocr_line' id='line_1_39' title="bbox 167 4049 1218 4124; baseline -0.001 -19"><span class='ocrx_word' id='word_1_330' title='bbox 167 4051 345 4124; x_wconf 72' lang='lat' dir='ltr'>Montesqus&#39;eu,</span> <span class='ocrx_word' id='word_1_331' title='bbox 362 4051 670 4108; x_wconf 48' lang='lat' dir='ltr'>(imminendum</span> <span class='ocrx_word' id='word_1_332' title='bbox 713 4063 881 4105; x_wconf 73' lang='lat' dir='ltr'>contesserarit.</span> <span class='ocrx_word' id='word_1_333' title='bbox 902 4050 1047 4105; x_wconf 71' lang='lat' dir='ltr'>Arusianus</span> <span class='ocrx_word' id='word_1_334' title='bbox 1068 4049 1218 4106; x_wconf 78' lang='lat' dir='ltr'>eSsllustio</span> 
     </span>
    </p>
   </div>
   <div class='ocr_carea' id='block_1_5' title="bbox 0 0 1476 4666">
    <p class='ocr_par' dir='ltr' id='par_1_6' title="bbox 0 0 1476 4666">
     <span class='ocr_line' id='line_1_40' title="bbox 0 0 1476 4666; baseline 0 0"><span class='ocrx_word' id='word_1_335' title='bbox 0 0 1476 4666; x_wconf 95' lang='lat' dir='ltr'> </span> 
     </span>
    </p>
   </div>
  </div>
 </body>
</html>
