2910 4666
158 402 1146 441 mmmmmmmmmummwmam
1151 419 1222 444 new

305 557 1070 729 'roconrnrnuu

521 870 861 976 BELLUM

200 1123 267 1191 EX
293 1123 331 1191 L.
360 1121 530 1192 ANNAEI
556 1121 711 1190 FLORI
739 1121 895 1191 LIBRO
921 1123 1001 1211 III,
1028 1123 1130 1194 CAP.
1159 1129 1185 1194 Ι.

437 1342 936 1379 *ή-ΟΜρ--κ-

162 1534 288 1653 Hac
315 1577 357 1647 ad
381 1578 561 1662 orientem:
593 1575 650 1645 sed
684 1600 752 1646 non
781 1576 823 1644 ad
852 1576 1065 1648 meridianam
1092 1579 1223 1676 plagam

160 1685 275 1754 eadem
295 1685 395 1778 quies.
415 1684 499 1772 Quis
518 1697 665 1777 speraret
687 1697 763 1777 post
784 1684 1020 1779 Carthaginem
1040 1685 1172 1781 aliquod
1189 1691 1224 1758 in

160 1791 273 1860 Africa
291 1789 438 1860 bellum?
452 1791 555 1883 Atqui
577 1814 645 1858 non
670 1788 785 1858 leviter
802 1815 836 1859 se
856 1792 1014 1862 Numidia
1036 1797 1223 1865 concussit:

160 1912 195 1967 et
227 1898 289 1967 fuit
320 1899 354 1965 in
380 1895 545 1992 iugurtha
572 1895 662 1991 quod
694 1909 770 1991 post
794 1897 1014 1968 Hannibalem
1042 1901 1221 1971 timeretur.

159 2005 295 2100 Quippe
311 2029 368 2073 rex
383 2003 606 2074 callidissimus
624 2001 784 2098 populum
803 2027 995 2093 romanum,
1011 2008 1112 2075 armis
1130 2007 1224 2077 incli-

160 2125 235 2180 tum
259 2126 292 2180 et
313 2113 494 2197 invictum,
517 2109 635 2203 opibus
665 2133 838 2204 aggressus
860 2125 936 2179 est:
960 2125 993 2180 et
1021 2114 1104 2182 citra
1130 2138 1223 2208 spem

161 2219 310 2287 omnium
336 2217 469 2286 sortuna
489 2217 603 2298 cessit,
621 2229 659 2284 ut
680 2239 738 2284 rex
762 2214 877 2284 fraude
896 2219 1081 2313 praecipuus
1108 2219 1224 2289 fraude

160 2339 343 2418 caperetur.
364 2327 427 2393 Hic
441 2348 505 2393 avo
523 2323 697 2391 Masinissa
715 2337 749 2392 et
764 2324 906 2417 Micipsa
924 2338 1018 2418 patre
1041 2349 1101 2420 per
1121 2325 1222 2421 adop·

160 2433 303 2517 tionem,
318 2455 421 2524 quum
442 2429 626 2499 interficere
648 2429 764 2498 fratres
786 2431 951 2499 statuisset
971 2431 1112 2525 agitatus
1130 2434 1224 2528 regni

158 2535 356 2632 cupiditate,
375 2561 437 2606 nec
457 2535 529 2606 illos
551 2535 673 2630 magis,
698 2559 797 2630 quam
826 2551 975 2606 senatum
997 2537 1223 2633 populumque

159 2667 360 2731 romanum,
388 2667 529 2738 quorum
557 2644 590 2710 in
620 2641 686 2710 fide
717 2657 751 2710 et
770 2639 929 2712 'clientela
964 2667 1102 2738 regnum
1134 2660 1224 2735 erat,
1349 2697 1351 2707 r

159 2763 345 2832 metueret:
374 2753 519 2845 primum
549 2748 654 2818 seclus
689 2747 824 2817 mandat
855 2749 1005 2839 insidiis3
1034 2753 1223 2846 potitusque

159 2857 358 2951 Hiempsalis
375 2857 500 2951 capite,
518 2879 621 2950 quum
639 2879 674 2925 se
695 2857 729 2923 in
749 2854 971 2925 Adherbalem
992 2859 1223 2949 convertisset,

159 2961 252 3056 isque
281 2965 422 3032 Romam
456 2961 679 3057 profugisset,
705 2964 804 3032 missa
837 2987 898 3057 per
930 2961 1054 3058 legatos
1083 2967 1224 3060 pecunia

158 3071 260 3138 traxit
276 3071 311 3138 in
329 3071 523 3140 sententiam
544 3093 636 3138 suam
658 3083 818 3137 senatum.
840 3071 885 3138 Et
901 3068 973 3140 haec
989 3069 1051 3139 fuit
1068 3070 1110 3140 de
1127 3071 1222 3142 nobis

157 3175 228 3268 ejus
239 3177 345 3271 prima
361 3177 506 3245 victoria.
522 3175 641 3244 Missos
654 3173 791 3262 deinde,
804 3177 861 3269 qui
876 3200 1015 3270 regnum
1029 3177 1115 3246 inter
1129 3176 1222 3247 illum

158 3280 446 3377 Adherbalemque
467 3281 667 3368 dividerent,
690 3279 837 3350 similiter
853 3305 1044 3376 aggressus,
1066 3307 1168 3376 quum
1188 3286 1222 3354 in

157 3387 284 3458 Scauro
304 3391 393 3485 ipsos
411 3389 539 3457 romani
560 3387 690 3481 imperii
707 3411 815 3455 mores
836 3401 1073 3482 expugnasset,
1087 3389 1221 3459 inchoa·

159 3507 230 3562 tum
249 3495 342 3565 nefas
363 3495 502 3590 perfecit
519 3493 684 3562 audacius.
708 3492 772 3562 Sed
792 3491 848 3560 diu
866 3517 935 3561 non
956 3492 1060 3561 latent
1079 3493 1221 3565 scelera:

158 3615 325 3697 corruptae
342 3600 433 3670 nefas
451 3602 621 3695 legationis
642 3602 776 3694 erupit:
798 3597 985 3694 placuitque
1006 3597 1093 3668 bello
1113 3625 1223 3695 perse·

159 3710 216 3801 qui
237 3707 444 3803 parricidam.
464 3709 593 3776 Primus
617 3707 651 3774 in
676 3704 867 3774 Numidiam
893 3703 1094 3800 Calpurnius
1115 3695 1223 3778 Bestia

159 3813 275 3884 consul
297 3816 506 3884 immittitur:
526 3811 583 3883 sed
601 3837 679 3900 rex,
696 3815 821 3907 peritus
843 3813 959 3882 fortius
979 3812 1136 3883 adversus
1156 3815 1223 3884 Ro-

159 3943 276 3990 manos
298 3945 416 3990 aurum
438 3944 622 4015 essequam
643 3919 787 4007 ferrum,
804 3942 921 4014 pacem
936 3921 1024 3988 emit
1042 3919 1147 4014 Cujus
1165 3920 1223 3990 lla-

160 4027 229 4119 gitii
240 4051 336 4117 rcus,
350 4052 452 4122 quum
469 4026 707 4096 interveniente
722 4023 854 4120 publica
866 4025 933 4095 fide
950 4049 971 4094 a
986 4037 1102 4095 senatu
1116 4049 1223 4097 arces·
1320 4055 1326 4064 ·

159 4147 306 4222 seretur,
328 4137 401 4230 pari
421 4133 559 4205 audacia
578 4147 612 4203 et
633 4133 742 4221 venit,
763 4146 797 4202 et
820 4133 1070 4226 competitorem
1094 4133 1221 4229 imperii
