2910 4666
541 427 837 496 JUGURTHA.
1127 425 1197 500 331

196 550 320 619 CXIII.
349 551 429 618 Haec
447 549 586 618 Maurus
606 574 718 619 secum
746 551 816 644 ipse
835 549 893 620 diu
909 549 1046 621 volvens
1068 551 1201 620 tandem

141 656 303 751 promisit.
327 655 484 724 Ceterum
504 653 602 744 dolo,
624 679 667 724 an
690 680 769 724 vere
777 655 799 744 ¹,
817 681 935 752 parurn
953 659 1175 752 comperimus
1192 685 1199 727 :

142 760 200 832 sed
219 759 412 856 plemmqne
430 762 528 856 regia
546 761 747 860 voluntates,
763 777 802 832 ut
821 763 1051 851 vehemente-s,
1068 765 1114 834 sic
1130 789 1202 834 mo-

143 866 243 954 biles,
269 893 354 962 saepe
377 868 455 962 ipsae
483 869 544 937 sibi
571 869 728 942 advorsae.
758 872 876 940 Postea
897 885 1047 965 tempore
1075 885 1109 940 ct
1128 869 1203 941 loco

143 976 323 1044 constituto
342 963 402 1064 [in
421 973 622 1068 colloquium
643 977 692 1044 uti
709 975 750 1044 de
770 1000 851 1070 pace
871 973 1058 1046 verris-etur'
1072 967 1102 1066 ],
1115 980 1202 1047 Boc-

143 1079 228 1150 chus
253 1079 377 1150 Sullam
398 1079 516 1168 modo,
534 1080 635 1152 modo
658 1082 830 1176 Jugurthae
851 1081 996 1178 legatum
1017 1081 1203 1176 appellare,

142 1186 288 1280 benigne
305 1186 442 1274 habere,
455 1186 542 1256 idem
561 1188 722 1258 ambobus
742 1187 907 1282 polliceri:
923 1187 968 1258 illi
983 1190 1106 1283 pariter
1123 1187 1203 1273 laeti,

142 1316 183 1361 ac
201 1294 270 1387 spei
285 1293 381 1362 bonta
397 1292 494 1387 pleni.
514 1294 579 1363 Sed
594 1308 691 1364 nocte
704 1319 761 1382 ea,
778 1319 851 1388 quae
868 1319 1031 1390 proxuma
1049 1293 1112 1363 fuit
1128 1310 1205 1364 ante

142 1397 234 1468 diem
256 1397 431 1494 colloquio.
444 1398 634 1486 decretum,
661 1402 800 1470 Maurus
822 1400 976 1526 qthtbim
1002 1385 1147 1487 amicis³,
1164 1425 1203 1470 ac

143 1506 274 1593 statim,
296 1507 468 1599 immutata
487 1505 674 1594 voluntate,
696 1509 846 1595 remotis,
861 1507 983 1576 dicitur
1005 1531 1116 1576 secum
1135 1509 1205 1602 ipse

144 1610 252 1679 multa
279 1612 474 1706 agitavisse,
503 1612 596 1681 voltu
630 1616 779 1708 corporis
808 1616 931 1708 pariter
960 1628 1058 1708 atque
1096 1615 1207 1683 animo

143 1717 258 1785 varius
274 1743 282 1785 :
297 1741 371 1812 quae
389 1715 529 1804 scilicet,
546 1733 674 1788 tacente
696 1721 786 1815 ipso,
803 1719 933 1789 occulta
954 1720 1097 1816 pectoris
1115 1733 1205 1814 pate·

144 1811 296 1892 fecissel.
315 1826 442 1892 Tamen
466 1839 634 1920 postremo
657 1825 780 1894 Sullam
807 1828 957 1895 arcessiri
972 1825 1084 1921 jubet,
1107 1838 1141 1893 et
1167 1851 1208 1896 ex
1296 1849 1300 1858 ·

145 1929 219 2021 ejus
239 1933 400 2000 sententia
421 1931 573 2002 Numidae
595 1932 727 2002 insidias
749 1931 863 2002 tendit.
890 1931 1042 2020 Deinde,
1061 1931 1120 2001 ubi
1140 1930 1209 2002 dies

146 2125 238 2166 tamen
263 2115 292 2167 in
322 2115 433 2169 minime
457 2113 658 2170 contemnendis
700 2113 794 2168 iisdem
806 2115 986 2186 amiciavtslg.
996 2113 1098 2168 addunt
1109 2120 1207 2178 ceterr's,·

146 2193 264 2259 Quintil.
283 2193 345 2248 edd.
360 2195 458 2267 legitur
473 2201 499 2248 in
517 2208 600 2248 nostra
612 2215 659 2266 po-
700 2193 773 2266 qnod
802 2195 910 2248 Cortius
935 2195 1107 2265 expluribus
1132 2193 1207 2248 MSS.

148 2285 244 2328 maore.
271 2273 396 2328 Ceterum
418 2275 486 2330 Gell.
508 2293 541 2340 s,
562 2294 601 2346 7,
625 2293 658 2330 es
700 2273 1209 2346 recteelelevit.-Voitucorporis.vul·

147 2353 209 2424 ipso
229 2353 358 2408 Cicerone
386 2353 500 2420 laudm,
524 2373 575 2427 pro
601 2357 659 2426 lege
700 2367 807 2408 menon
817 2351 1209 2420 modoorisoolorem,sedorn·

147 2432 276 2498 Manilia,
289 2451 343 2487 xrr:
357 2435 469 2502 uQnum
480 2447 580 2488 vestros
595 2454 658 2507 por·
701 2453 763 2488 nem
776 2435 896 2506 corporis
907 2435 1208 2505 habitum,gestumqne

148 2525 193 2565 tus
207 2512 236 2564 in
253 2512 409 2584 predonum
428 2515 507 2568 luisse
517 2527 658 2585 potestante
701 2525 728 2567 et
737 2525 839 2567 motam
851 2515 988 2586 significat.
1002 2512 1067 2567 Ideo
1078 2513 1146 2566 male
1159 2515 1207 2566 ali·

148 2591 275 2657 celatim·
289 2592 446 2666 abundeque
456 2594 596 2648 confirmat
607 2594 659 2650 hoo
701 2594 748 2666 qui
759 2594 850 2665 scripti
858 2607 885 2647 et
892 2593 973 2647 editi:
984 2593 1208 2659 nocimentorum

149 2671 268 2743 antiquis
284 2691 340 2726 non
355 2673 471 2727 insolens
486 2674 574 2728 luisse.
591 2673 659 2742 sed,
702 2685 767 2726 asom
776 2673 1208 2745 eoqroris.Nost.C,optime:oolm

149 2749 659 2826 quodsicaliqnsndoloqnutisint,nou
701 2757 902 2824 wsporispsriter
910 2757 1069 2828 nequeenim
1080 2757 1170 2806 miss.

151 2829 217 2884 inde
235 2833 370 2902 seqnitur,
387 2845 417 2888 nt
436 2852 540 2906 semper
556 2852 659 2888 accusa·
744 2839 770 2896 4.
794 2835 857 2902 stoe
875 2835 967 2886 sellim
966 2873 1036 2887 .....
1059 2835 1206 2904 patefactae.

151 2912 659 2985 tivosproablativisreacribioporteat.
706 2906 1209 2986 sQnalnegotia],quasres,(nempe

193 2990 260 3044 Car.
283 2993 382 3046 CXIII.
407 3011 431 3046 1.
452 2995 534 3058 Dolo,
549 3013 657 3047 maere.
702 2990 868 3047 adhibitoset
876 2994 1088 3048 statimremotos
1096 2994 1208 3060 amicos,

152 3069 195 3123 Sc.
209 3075 353 3140 promiserit.
366 3073 538 3144 Vulgo,dolo
553 3093 585 3126 sn
604 3094 661 3127 cera
701 3073 844 3146 vultusque
857 3069 1092 3136 immutationem)
1107 3076 1167 3125 scire
1178 3073 1209 3125 li·

152 3150 477 3218 eunaamdedmtrecte
484 3152 585 3224 judicat
593 3155 660 3208 Cor·
703 3165 740 3204 cet
767 3153 919 3224 patefecisse
944 3153 1046 3207 occulta
1072 3153 1209 3223 pectoris,

153 3230 223 3294 tias,
234 3248 289 3284 non
301 3230 345 3284 hic
354 3233 440 3302 agitur
449 3231 483 3286 de
494 3234 662 3288 cunctatione
703 3233 781 3286 etiam
794 3233 853 3304 ipso
867 3245 978 3287 tacente.
997 3259 1009 3280 ι
1026 3235 1067 3285 De
1084 3232 1137 3285 hoc
1159 3249 1209 3284 usn

154 3309 273 3374 Bocchi,
292 3309 338 3364 sed
360 3310 394 3364 de
414 3331 446 3364 eo
468 3311 540 3384 quod
562 3313 662 3384 Syllam
703 3311 886 3372 vociamiliset,
900 3309 963 3365 vide
977 3330 1034 3384 sup.
1052 3311 1210 3366 CILI‘ossis

153 3388 297 3459 Iugurtha
328 3389 487 3444 tradendum
510 3393 661 3464 promittit,
703 3393 783 3444 etiam
803 3391 989 3462 interpretas-i,
1005 3409 1065 3462 ques
1086 3409 1124 3442 res
1138 3393 1209 3441 nissi·

152 3469 210 3538 jam
223 3469 302 3539 Sylla
313 3469 471 3541 iugurtham
485 3471 627 3543 pollicitus.
705 3489 756 3523 rura
766 3471 906 3540 psusennes
915 3471 1009 3522 mecha
1020 3473 1138 3540 putoris,
1146 3481 1209 3530 ets.,·

200 3567 226 3601 s.
247 3550 278 3601 In
297 3549 437 3623 colloquium
452 3556 489 3604 uti
503 3551 534 3604 de
545 3571 662 3622 pececa-
704 3551 812 3621 obliqua
840 3549 984 3615 oratione,
1004 3547 1146 3602 subaudita
1179 3565 1210 3600 ex

156 3632 258 3682 nitetur.
267 3627 386 3682 Omnino
396 3645 519 3703 putamus
527 3649 588 3685 cnm
599 3633 665 3686 Cor·
705 3627 1034 3694 antecedentibus,ds'citssr.
1044 3629 1209 3680 -Psetors's.

156 3708 215 3774 tio,
235 3708 293 3762 hec
310 3711 453 3781 superioris
470 3711 563 3783 capitis
583 3713 664 3765 verba
705 3710 811 3782 Aliqui,
832 3712 889 3762 osis.
913 3709 1017 3781 Optimi
1044 3706 1165 3761 Cortisni
1184 3719 1211 3759 et

157 3787 270 3858 glossam
284 3807 355 3855 esse,
368 3790 401 3843 ab
417 3790 506 3862 aliquo
520 3791 665 3862 interprete
706 3801 796 3842 noster
806 3787 1142 3859 E.,poetors's.-·Proquoe
1151 3786 1209 3858 llip.

157 3869 272 3938 margini
286 3867 566 3941 adscriptam‚rleinde
580 3871 664 3924 abin·
706 3867 752 3922 dat
779 3887 812 3922 ex
830 3887 878 3922 suo
897 3889 944 3942 qus
966 3889 1000 3921 re.
1020 3897 1061 3912 -
1083 3867 1211 3920 Amssss'rs'.

158 3959 222 4017 epto
232 3948 342 4002 librario
350 3949 378 4002 in
390 3961 492 4004 testum
502 3951 663 4004 translatam.
707 3948 840 4015 Quidam,
851 3953 945 4004 messi.
958 3951 993 4002 V.
1008 3967 1067 4020 sup.
1079 3947 1172 4010 LXII,
1183 3963 1210 3999 n.

202 4027 228 4080 3.
254 4028 378 4082 Adhibitis
398 4033 489 4083 mss.
510 4028 553 4084 Ad
578 4030 664 4083 consi·
710 4049 736 4084 s.
752 4061 793 4072 -
806 4029 849 4082 Es
867 4031 918 4100 ejus
936 4031 1060 4082 sententia.
1076 4027 1150 4082 Sicut
1170 4026 1215 4078 ille

157 4105 224 4159 lium
247 4107 388 4164 advocatis·
411 4141 453 4154 -
473 4110 585 4165 Remotis.
601 4109 664 4164 Scil.
707 4109 893 4180 postulaverat.
