2950 4648
267 343 342 429 480
576 341 645 410 AD
672 343 710 410 C.
739 340 1013 409 CAESAREM.

265 491 317 545 tra
337 499 394 560 ea,
415 475 565 542 homines
582 471 728 560 nobiles,
747 455 887 566 quorum
909 475 1037 541 animos
1056 470 1204 542 socordia
1226 485 1327 565 atque
1438 465 1439 470 ἵ

267 583 396 675 ignavia
421 581 560 665 invasit,
590 580 695 672 ignari
721 577 859 665 laboris,
884 579 1046 665 hostium,
1068 577 1206 660 militiae,
1238 577 1328 646 domi

268 687 411 755 factione
435 687 600 772 instructi,
616 709 676 780 per
696 685 882 778 superbiam
897 686 1024 755 cunctis
1043 684 1194 778 gentibus
1216 683 1329 752 mode·

268 806 392 860 rantur.
406 794 521 885 Itaque
536 805 663 886 patres,
677 815 818 884 quorum
838 789 974 859 consilio
990 805 1086 858 antea
1099 789 1198 858 dubia
1215 813 1329 883 respu-

268 897 352 966 blica
373 895 610 983 stabiliebatur,
629 898 794 990 oppressi,
809 921 849 964 ex
865 895 971 964 aliena
988 895 1132 964 lubidine
1150 897 1216 964 buc
1231 909 1329 987 atque

268 1001 346 1072 illuc
369 1004 566 1072 fluctuantes
590 1005 774 1097 agitantum
800 1002 965 1071 interdum
990 1000 1072 1088 alia,
1099 1001 1218 1070 deinde
1242 1000 1330 1084 alia,

268 1109 470 1178 decernunt:
489 1124 671 1197 uteorum,
693 1109 748 1202 qui
767 1107 997 1195 dominantur,
1016 1107 1164 1177 simultas
1182 1131 1221 1177 ac
1237 1131 1329 1175 arro·

269 1218 380 1312 gantis
395 1215 472 1302 fert,
491 1215 536 1283 ita
556 1215 680 1283 bonum
702 1213 891 1308 malumque
910 1212 1079 1308 publicum
1095 1215 1303 1282 existumant.

321 1324 382 1390 XI.
402 1320 503 1410 Quod
525 1323 551 1390 si
568 1335 627 1389 aut
641 1320 774 1388 libertas
792 1345 885 1414 aequa
901 1320 1049 1388 omnium
1060 1318 1081 1404 ¹,
1096 1335 1154 1388 aut
1169 1319 1330 1388 sententia

244 1447 246 1450 ’
269 1427 441 1498 obscurior
460 1441 560 1512 esset,
572 1427 751 1520 majoribus
769 1427 888 1521 opibus
901 1424 1085 1520 respublica
1100 1439 1133 1494 et
1148 1427 1256 1494 minus
1270 1449 1330 1518 po-

271 1548 343 1602 tens
362 1532 516 1601 nobilitas
538 1548 631 1602 esset.
651 1524 716 1600 sed
735 1535 890 1626 quoniam
912 1533 1074 1625 coaequari
1095 1533 1234 1626 gratiam
1254 1555 1330 1598 om-

270 1641 361 1708 nium
369 1637 503 1706 difficile
511 1653 561 1706 est
571 1631 707 1732 (quippe
720 1663 823 1732 quurn
833 1636 894 1706 illis
907 1638 1069 1732 majorum
1084 1638 1188 1706 virtus
1201 1651 1330 1730 partam

271 1741 439 1838 reliquerit
463 1743 619 1837 gloriam,
642 1744 851 1837 dignitatem,
874 1742 1058 1830 clientelas;
1086 1757 1194 1812 cetera
1217 1741 1331 1810 multi-

271 1849 370 1936 tudo,
389 1849 545 1943 pleraque
565 1851 698 1918 insititia
721 1845 983 1936 sit);sententias
1008 1873 1123 1918 eorum
1141 1873 1161 1916 a
1182 1863 1273 1917 metu
1294 1845 1330 1914 li·

271 1956 350 2023 bera
365 1981 372 2022 :
387 1957 432 2024 ita
450 1954 579 2024 occulte
598 1956 659 2024 sibi
676 1957 812 2048 quisque
826 1954 959 2024 alterius
974 1955 1121 2049 potentia
1136 1956 1245 2024 carior
1258 1955 1330 2022 erit.

272 2061 421 2130 Libertas
436 2061 529 2154 juxta
548 2062 642 2130 bonis
662 2077 695 2128 et
714 2060 824 2148 malis,
849 2062 989 2129 strenuis
1016 2075 1050 2128 et
1071 2062 1215 2154 ignavis,
1238 2073 1331 2154 opta·

271 2167 343 2236 bilis
362 2170 553 2236 est.Verum
572 2191 644 2236 eam
661 2166 808 2261 plerique
828 2181 918 2235 metu
940 2166 1120 2235 deserunt:
1139 2165 1331 2236 stultissumi

272 2272 438 2359 mortales,
449 2273 539 2366 quod
547 2275 581 2340 in
592 2270 788 2341 certamine²
798 2272 933 2340 dubium
946 2287 1012 2359 est,
1026 2297 1184 2367 quorsum
1195 2270 1331 2354 accidat,

273 2379 306 2447 id
321 2403 381 2472 per
398 2380 546 2447 inertiam
568 2381 602 2446 in
619 2403 669 2466 se,
680 2379 772 2472 quasi
795 2379 1070 2473 ricti,recipiunt.
1086 2381 1191 2472 Igitur
1205 2377 1331 2446 duabus

274 2484 372 2553 rebus
388 2483 578 2554 confirmari
596 2509 692 2578 posse
708 2498 858 2552 senatum
875 2497 979 2578 puto:
997 2486 1024 2552 si
1040 2469 1196 2553 numero³
1217 2498 1332 2552 auctus

273 2691 350 2742 lerre.
372 2689 492 2754 Scilicet,
516 2701 602 2759 patres
617 2707 700 2758 quum
713 2689 780 2740 nulli
825 2701 852 2740 et
862 2707 952 2741 recens
965 2689 992 2741 in
1002 2702 1122 2742 senatum
1133 2688 1249 2760 cooptati
1258 2699 1330 2750 sunt,

274 2769 313 2820 rei
328 2768 379 2820 nisi
393 2769 506 2838 publico
521 2769 711 2828 consulebant.
724 2781 781 2821 tum
825 2768 907 2838 bique
919 2769 1006 2822 minus
1021 2769 1117 2822 valent.
1128 2769 1242 2838 Oportet
1253 2767 1331 2838 igitur

275 2847 342 2900 nulli
356 2865 411 2898 non
427 2846 451 2897 ei
468 2847 649 2900 consulebant.
665 2879 706 2888 -
719 2849 783 2899 Fac·
826 2847 921 2900 borum
939 2848 1107 2900 sententian
1125 2859 1197 2900 metu
1212 2847 1330 2908 liberari,

276 2931 338 2976 tione
352 2928 468 2976 instructi.
482 2925 649 2977 Translatum
665 2943 721 2977 are
732 2927 782 2978 mi·
826 2925 899 2996 quod
914 2927 973 2988 liet,
996 2945 1078 2996 quum
1101 2927 1229 2980 sententia
1244 2928 1330 2996 cujus·

274 3005 355 3057 litari.
377 3005 522 3068 Laborem,
542 3003 645 3068 hostes,
660 3005 782 3058 militiam
826 3023 893 3075 que,
911 3023 960 3076 per
973 3007 1095 3058 tabellam
1110 3007 1174 3066 lata.
1186 3005 1329 3066 obscurior,

276 3084 385 3136 minime
406 3097 553 3148 noverunt;
580 3084 608 3136 in
634 3087 707 3135 aciem
727 3103 782 3138 non
826 3083 854 3136 id
867 3097 924 3146 est,
938 3085 1030 3138 ceteris
1041 3087 1130 3156 ignote
1139 3085 1197 3138 erit.
1210 3085 1251 3138 Ita
1261 3085 1331 3156 quir·

276 3164 461 3224 instruuntur,
475 3160 521 3215 sed
538 3164 565 3215 in
574 3166 702 3231 factiones.
826 3181 891 3234 que,
912 3165 961 3216 eibi
973 3167 1026 3235 jam
1042 3165 1093 3236 ipsi
1106 3177 1133 3217 et
1150 3183 1203 3217 sure
1216 3162 1330 3217 libertati

317 3245 382 3298 Cir.
390 3242 468 3296 xla.
478 3243 709 3310 Quodsi...libertas
715 3263 784 3312 equa
827 3243 982 3307 consulens,
994 3245 1101 3298 alteriue
1110 3244 1236 3315 potentin
1247 3245 1331 3297 lavere

278 3327 390 3383 omnium,
405 3335 454 3375 etc.
469 3322 519 3375 Hic
534 3321 634 3376 indicat
648 3320 783 3395 quomodo
825 3321 936 3374 desinet.

277 3416 382 3456 senatus
397 3421 411 3454 a
429 3421 574 3472 paucorum
591 3403 720 3456 nobilium
735 3400 784 3456 do·
870 3419 894 3454 a.
914 3403 1168 3471 Quodincertamine,
1180 3417 1230 3455 etc.
1247 3403 1331 3456 Even-

277 3482 422 3535 minatione
434 3480 592 3536 vindicetur.
610 3483 712 3552 Nempe
728 3481 783 3552 pri·
827 3481 1126 3553 tumcertaminis‚qui‚
1138 3482 1331 3554 qualisluturns

277 3579 351 3614 mum
380 3559 528 3630 optandum
555 3561 657 3624 fuerit,
684 3579 784 3631 mquam
827 3561 877 3626 eit,
890 3558 1124 3616 adbucinincerto
1133 3575 1187 3625 est,
1200 3563 1254 3632 jem
1266 3562 1330 3613 inse

278 3641 398 3693 omnium
405 3651 555 3692 senatorum
563 3641 711 3693 libertatem
721 3659 784 3692 esse.
828 3640 902 3710 quasi
917 3641 979 3694 victi
991 3641 1132 3712 recipiunt.
1149 3641 1238 3694 Dubio
1249 3639 1333 3693 adbuc

260 3735 264 3742 ·
280 3717 331 3787 Sed
345 3720 431 3771 obstat
443 3718 538 3789 gratis,
552 3737 632 3789 quam
646 3720 716 3772 inter·
727 3737 785 3772 om·
828 3721 977 3772 certaminis
992 3721 1078 3778 exitu.
1094 3721 1232 3774 victoriani
1245 3719 1333 3774 adver·

279 3798 464 3869 nescoaequari
475 3795 583 3850 difficile
596 3811 642 3850 est.
659 3799 726 3850 Nam
740 3799 786 3851 alii
828 3799 897 3852 sario
912 3799 1076 3870 relinquunt.

279 3877 348 3929 avita
368 3877 470 3947 gloria,
494 3875 638 3948 dignitate,
658 3878 786 3930 clientelis
870 3879 897 3932 3.
919 3879 1024 3931 Nomio
1045 3891 1136 3932 emtus.
1164 3879 1265 3942 ΕΜ,
1280 3893 1330 3928 uon

279 3955 393 4008 multam
403 3955 520 4027 pollent,
531 3957 575 4008 alii
585 3969 673 4008 autem
682 3956 785 4010 insititii
829 3959 978 4024 senatoriae,
986 3957 1031 4012 ted
1044 3977 1111 4024 sua,
1118 3957 1280 4012 auctoritatis
1287 3955 1332 4010 fir·
