2950 4648
525 411 864 481 FRAGMENTA.
1151 409 1227 496 413

166 570 185 615 a
207 545 303 616 nobis
321 543 364 613 ad
382 544 590 630 societatem,
611 544 653 612 ab
673 542 735 612 illis
756 543 799 612 ad
820 541 964 638 praedam
984 543 1113 637 peteris.
1131 545 1227 613 Cete-

166 677 242 722 rum
261 651 434 756 consilium
457 637 559 739 est¹⁴‚
576 651 728 744 Tigranis
749 675 852 744 regno
875 651 1021 743 integro,
1042 652 1123 718 meis
1144 650 1227 719 mili·

166 760 254 828 tibus
273 756 349 827 belli
371 757 608 853 prudentibus,
625 756 742 852 procul
763 757 806 825 ab
827 755 946 840 domo,
968 779 1074 850 parvo
1095 756 1229 846 labore,

166 879 353 960 pernostra
373 887 513 958 corpora
535 862 658 933 bellum
680 863 844 932 conficere
859 891 868 952 ;
882 862 1014 957 quando
1036 887 1143 958 neque
1162 866 1230 932 vin·

167 995 257 1059 cere,
272 995 380 1066 neque
393 972 481 1039 vinci
499 971 568 1040 sine
581 985 639 1040 tiro
652 969 800 1065 periculo
815 993 999 1064 possumus.
1012 971 1065 1038 An
1078 973 1228 1065 ignoras,

166 1081 362 1164 Romanos,
387 1091 563 1172 postquam
592 1076 634 1146 ad
663 1075 866 1145 occidentem
893 1077 1106 1170 pergentibus
1128 1077 1228 1145 finem

166 1187 322 1254 Oceanus
343 1183 437 1272 fecit,
458 1207 550 1252 arma
572 1183 638 1252 hue
657 1181 879 1253 convertisse?
895 1206 1002 1276 neque
1019 1183 1229 1277 quidquama

165 1292 329 1386 principio
347 1291 410 1359 nisi
428 1305 560 1385 raptum
581 1289 722 1374 habere,
741 1289 895 1375 domum,
914 1289 1087 1382 conjuges,
1108 1313 1228 1384 agros,

164 1395 365 1492 imperium?
387 1421 552 1466 convenas
575 1395 673 1484 olim,
695 1398 764 1465 sine
784 1398 908 1491 patria,
927 1397 997 1464 sine
1017 1395 1228 1490 parentibus,

165 1517 259 1598 peste
275 1503 426 1574 conditos
443 1502 532 1572 orbis
549 1517 711 1572 terrarum
721 1488 756 1571 ¹⁵:
769 1503 888 1597 quibus
902 1526 971 1570 non
988 1501 1133 1570 bumana
1145 1501 1229 1585 ulla,

165 1633 274 1704 neque
289 1609 400 1678 divina
418 1608 568 1696 obstant,
587 1611 667 1704 quin
689 1611 814 1696 socios,
829 1611 972 1694 amieos,
993 1606 1127 1703 procul,
1136 1609 1229 1702 juxta

166 1719 264 1805 sitos,
276 1719 390 1812 inopes
405 1729 622 1810 potentesque
631 1716 782 1803 trahant,
793 1716 946 1785 excidant
955 1742 964 1798 3
974 1717 1150 1809 omniaque
1162 1739 1230 1784 non

165 1845 278 1910 serva,
296 1839 329 1892 et
345 1847 498 1892 maxume
516 1822 782 1917 regna,·hostilia
802 1821 936 1890 ducant.
958 1824 1111 1916 Namque
1131 1824 1230 1918 pauci

210 2029 252 2086 14.
271 2021 379 2076 Ceterum
399 2024 523 2076 nomiliam
543 2035 586 2075 est.
611 2049 622 2071 a
644 2024 676 2077 In
720 2024 776 2088 nii,
790 2025 854 2077 novi
869 2023 980 2089 milites,
994 2024 1232 2076 forent-*Pam

168 2103 216 2154 tali
239 2122 328 2156 rerum
357 2115 449 2170 aum,
471 2103 605 2174 reliquum
627 2103 677 2156 tibi
721 2103 810 2156 labore.
828 2103 904 2156 Nihil
921 2103 993 2156 enim
1007 2103 1040 2155 ab
1059 2105 1154 2155 Arsace
1168 2121 1230 2174 poc·
1273 2119 1275 2136 ¹

164 2182 310 2236 eonsilium
329 2195 383 2249 eat,
399 2201 462 2245 seu,
482 2201 535 2236 una
548 2195 620 2254 patet
637 2201 677 2236 re·
720 2183 895 2249 tulatur‚nisi
908 2197 953 2249 ut,
966 2183 1083 2236 exercitu
1098 2180 1229 2236 adsocies

166 2263 218 2315 bna
233 2263 285 2316 tnia
298 2261 456 2316 aemulandi
467 2263 522 2328 νίας
537 2281 634 2333 nempe
648 2273 678 2316 ut
720 2281 794 2334 reges
804 2263 898 2328 misso,
907 2263 964 2315 sine
974 2262 1077 2334 proprii
1090 2261 1165 2332 regni
1179 2261 1231 2315 dia-

166 2339 677 2413 tu,dn1nadhucintegrumeatregnum
720 2342 986 2413 erimine‚inaignem
994 2343 1057 2395 belli
1071 2341 1228 2395 oonlleiendi

167 2421 313 2493 Tigranis,
328 2435 355 2474 et
375 2419 473 2475 adsunt
493 2421 560 2476 inihi
580 2421 677 2476 militet
720 2421 1109 2476 landembalaerevelit.-An
1121 2426 1226 2492 ignoras.

165 2519 279 2554 romano
300 2502 370 2556 bello
384 2502 503 2574 experti,
525 2501 619 2573 procul
644 2502 677 2555 ab
720 2501 778 2556 Hoc
791 2521 851 2556 cum
868 2500 1084 2556 antecedentibus
1097 2503 1133 2554 ita
1143 2503 1230 2574 jungi·

166 2593 214 2634 tua
227 2579 326 2647 domo,
340 2601 424 2652 parvo
444 2582 609 2645 ariolatione,
628 2601 678 2653 per
721 2595 780 2636 tur:
796 2609 806 2630 ι
824 2583 879 2635 Nos
894 2582 965 2635 vinei
980 2583 1037 2634 eine
1049 2594 1096 2634 tno
1108 2583 1229 2654 periculo

164 2673 271 2715 nostras
283 2679 378 2714 manus
394 2674 420 2714 et
439 2673 529 2714 nostra
545 2662 677 2733 pericula,
720 2681 775 2715 uon
787 2681 933 2733 possumus.
947 2662 1016 2714 Nam
1024 2663 1228 2728 Romani‚terra

164 2741 269 2794 bellum
284 2739 419 2794 conficias.
444 2740 521 2806 Hoc,
547 2743 678 2814 inquam,
721 2741 755 2795 ad
770 2741 934 2796 occidentem
952 2742 985 2795 iis
999 2739 1156 2808 deficiente,
1176 2743 1229 2796 bue

166 2821 319 2876 nnuman
338 2833 419 2874 restat
434 2821 597 2888 consilium,
616 2822 678 2893 quia
721 2841 810 2884 amore
822 2821 918 2894 praedae
937 2819 1044 2876 adducti
1057 2860 1065 2887 ‚
1079 2841 1135 2878 nou
1148 2824 1229 2894 magia

166 2918 256 2971 neque
271 2901 392 2965 vincere,
402 2918 490 2971 neque
505 2901 577 2954 rinei
588 2921 678 2973 posen·
721 2903 785 2970 tibi,
799 2921 880 2974 quam
891 2902 1126 2974 ceteris‚parcent.
1147 2929 1158 2949 ι

165 2999 244 3050 mua,
258 2980 325 3052 qau'n
339 2980 450 3052 periculi
466 2982 588 3053 contagio
602 2980 638 3034 ad
652 2993 678 3034 te
764 2983 809 3036 15.
821 2983 893 3035 Peste
905 2982 1013 3035 conditos
1026 2983 1090 3036 orbis
1104 2994 1226 3037 utrarum.

166 3061 320 3133 perveniat,
336 3073 418 3132 tuque
439 3072 484 3113 aut
504 3075 610 3128 nostra,
633 3075 679 3116 aut
721 3062 753 3115 ln
766 3063 912 3134 perniciem
930 3063 1003 3115 orbis
1023 3075 1153 3116 terrarum
1167 3081 1229 3117 oon·

165 3141 369 3209 Romanorum,
386 3141 465 3193 ruina
484 3141 636 3194 involvaris.
662 3167 673 3188 ι
721 3141 799 3196 ditos.
816 3173 857 3184 -
871 3143 950 3194 Peste.
972 3142 1086 3214 stippa,
1108 3163 1168 3198 ewa.
1189 3175 1230 3188 -

169 3219 281 3272 Ceterum
295 3237 346 3291 pro
359 3217 503 3292 adjectivo,
518 3232 548 3272 ut
562 3221 677 3292 passim,
721 3223 814 3292 Inopes,
830 3221 892 3274 Sine
905 3223 1037 3293 mentia,
1052 3224 1095 3276 oui
1115 3225 1229 3296 opponi-

167 3318 225 3353 non
237 3319 288 3371 pro
299 3297 425 3352 adverbio
440 3301 566 3371 intellige.
582 3331 622 3343 --
637 3301 679 3354 Ti·
721 3315 780 3366 tur,
797 3313 912 3371 potentes.
934 3300 1036 3354 Eodem
1068 3303 1122 3354 lere
1147 3302 1228 3355 modo

166 3385 253 3452 granis
275 3399 350 3450 regno
372 3383 471 3449 integro.
489 3381 678 3451 Tigranocerta
721 3381 857 3434 invehitur
880 3380 908 3432 in
924 3381 1057 3434 Romanos
1079 3381 1228 3452 Galgacua‚

168 3473 257 3512 umen
271 3479 285 3512 a
298 3460 423 3512 Romanis
438 3473 514 3531 capta
535 3472 599 3512 erat.
612 3458 679 3527 Sed,
720 3461 783 3513 Tae.
799 3463 860 3531 Agr.
873 3477 923 3512 xxx
934 3476 940 3511 :
952 3462 1069 3530 Raptor-es
1081 3461 1160 3522 orbis,
1178 3475 1227 3515 etc.

168 3537 258 3611 quoad
267 3537 597 3611 potest,disaimulataocii
609 3541 677 3612 regia
720 3571 761 3584 -
786 3541 876 3593 Omnia
896 3557 943 3592 non
963 3559 1038 3594 serva.
1061 3541 1229 3612 Quicumque

167 3617 264 3672 clades.
277 3619 312 3672 Et
327 3619 490 3690 superiorem
506 3617 616 3691 quidem
630 3623 677 3672 Ar·
721 3619 814 3692 populi
823 3619 886 3692 ipsis
898 3621 1093 3682 nonientana,
1106 3637 1157 3692 pro
1166 3621 1228 3674 bos-

167 3700 285 3752 meniam
300 3699 399 3751 bellum
414 3697 536 3754 nondum
548 3701 676 3770 attigerat.
721 3701 874 3754 tibuaaunt.
895 3731 936 3742 -·-
959 3702 997 3753 Et
1016 3719 1124 3753 mnam
1145 3717 1227 3770 regna.

167 3809 210 3823 -
232 3779 295 3832 Meis
314 3779 434 3831 ameum.
455 3779 492 3832 lia
512 3780 610 3832 seilicet
632 3781 678 3851 qui
722 3781 822 3852 Regum
837 3781 951 3834 manime
969 3781 1079 3852 imperia
1098 3779 1228 3848 odetuna

167 3856 313 3929 lugientem
338 3857 368 3910 in
396 3859 549 3913 Armeniam
573 3859 679 3930 aequati
721 3879 890 3932 nam,qunm
906 3861 1026 3934 plerique
1040 3861 1133 3932 populi
1145 3863 1228 3930 justos

167 3937 283 3992 fueraut.
304 3938 432 3991 Consulto
453 3938 587 4009 loquitur,
603 3939 677 4010 quasi
722 3939 845 3994 dominos
863 3937 979 3995 libertati
999 3941 1161 4004 anteferant,
1179 3959 1228 3996 nos

168 4018 374 4072 matroneum
381 4017 678 4090 militeshabeat3quuan
721 4039 795 4091 reges
805 4021 930 4074 Romanis
938 4020 1051 4092 suspecti
1062 4039 1164 4085 sumus,
1173 4035 1230 4074 tan-

168 4097 676 4174 ammimapmviriumme·
722 4119 801 4172 qnam
819 4101 921 4164 emuli,
937 4114 962 4153 et
976 4099 1117 4174 aliqnando
1137 4102 1229 4157 orbern
