2938 4654
211 371 285 460 248
473 372 512 440 G.
540 372 710 440 CRISPI
739 370 1018 440 SALLUSTII

207 503 335 576 consilii
356 502 510 592 decreto,
536 529 596 599 per
622 501 747 600 legatos
776 503 948 598 Jugurthae
973 505 1114 597 imperat
1145 493 1273 594 argenti

207 610 321 707 pondo
350 609 493 680 ducenta
521 597 651 700 millia³‚
672 609 865 706 elephantos
895 633 1029 696 omnes,
1055 632 1216 702 equorum
1238 619 1273 674 et
1316 659 1322 685 ,

207 743 377 787 armorum
409 717 623 812 aliquantum.
656 719 741 807 Quae
765 732 941 812 postquam
969 716 1038 786 sine
1064 737 1159 784 mora
1184 713 1272 782 facta
1379 802 1383 811 Ι

207 838 302 912 sunt,
310 824 406 918 jubet
419 850 534 894 omnes
549 824 705 920 perfugas
718 825 846 894 vinctos
864 823 993 892 adduci.
1008 824 1136 892 Eorum
1150 842 1271 914 magna

205 955 304 1025 pars,
324 946 362 999 ut
376 931 505 1024 jussum
521 947 610 1020 erat,
627 931 760 1001 adducti
775 956 783 999 :
798 932 911 1026 pauci,
926 955 1031 1024 quum
1048 930 1192 1024 primunr
1209 925 1269 994 de-

91 1053 93 1066 *
206 1036 287 1106 ditio
302 1039 419 1132 coepit,
432 1038 474 1108 ad
490 1064 602 1134 regem
620 1038 790 1109 Bocchum
803 1039 837 1106 in
849 1037 1092 1106 Mauretaniam
1111 1035 1267 1106 abierant.

205 1145 313 1240 Igitur
331 1145 511 1239 iugurtha,
526 1146 583 1214 ubi
601 1145 700 1216 armis
722 1145 866 1238 virisque
884 1157 918 1212 et
934 1144 1075 1238 pecunia
1094 1138 1269 1236 spoliatus,

205 1274 308 1344 quum
326 1253 396 1345 ipse
413 1251 456 1320 ad
478 1238 728 1348 imperandum⁴
749 1239 918 1320 Tisidium
939 1263 1135 1334 vocaretur,
1154 1271 1269 1315 rursus

205 1357 305 1452 coepit
319 1357 454 1426 flectere
466 1360 614 1428 animum
628 1383 740 1446 suum,
754 1371 788 1426 et
800 1382 841 1428 ex
856 1354 944 1426 mala
956 1355 1157 1426 conscientia
1169 1353 1268 1448 digna

248 1541 274 1594 3.
293 1541 401 1611 Argenti
414 1543 497 1614 pondo
514 1543 615 1594 ducenta
630 1541 715 1594 millia.
759 1540 855 1612 r'psead
864 1538 1025 1611 inperandwn
1041 1536 1158 1590 Tisidium
1169 1555 1268 1588 nocue·

204 1619 292 1672 Panda
314 1620 438 1692 antiquus
461 1622 566 1675 ablativ.
592 1633 645 1686 est,
665 1637 716 1691 pro
760 1631 810 1682 tur,
828 1620 845 1672 i.
859 1637 882 1672 e.
895 1632 926 1672 ut
936 1621 960 1672 ei
973 1614 1269 1690 imperaram-Cacus

201 1699 619 1775 pondere.Subintel.ergolibrus.
634 1701 716 1771 Atqui
759 1696 829 1770 ergo¹
843 1699 1008 1752 voluntarias
1030 1709 1081 1764 est,
1105 1696 1152 1769 qui
1177 1694 1269 1749 videre

201 1780 277 1848 juxta
288 1791 435 1832 accuratam
448 1779 519 1834 doct.
534 1781 586 1835 riri
598 1782 717 1832 Letrnnne
758 1797 813 1832 non
819 1779 875 1832 vult
881 1779 949 1832 hano
955 1797 1044 1832 veram
1050 1796 1106 1831 esse
1113 1777 1268 1842 lectionem,

204 1852 501 1924 (salustitutoGallico)
508 1861 716 1926 aestimationem,
758 1877 838 1930 quam
853 1859 931 1911 etiam
948 1859 1032 1912 nostri
1049 1877 1141 1910 ornnes
1155 1856 1268 1922 habent;

203 1937 272 1990 libra
280 1957 388 1991 romana
398 1940 476 1992 nohis
484 1953 523 1993 est
533 1943 610 1994 6160
616 1943 713 2010 granu,
758 1949 911 2010 textumque
922 1939 978 1992 sine
987 1939 1039 1991 alla
1048 1934 1201 1991 necessitate
1209 1954 1268 1989 cor-

203 2018 259 2071 sire
281 2035 315 2071 ιο
336 2037 415 2082 onces,
439 2020 454 2072 5
478 2039 548 2090 gros,
569 2027 605 2083 4⁰
621 2023 714 2089 grains.
757 2019 860 2091 rumpit
874 2019 978 2085 Teller,
995 2019 1040 2090 qui
1062 2017 1113 2089 legi
1137 2017 1217 2082 velit,
1235 2015 1271 2068 ad

203 2097 291 2169 Igitur
305 2117 428 2165 soo,ooo
438 2098 514 2152 librae
524 2099 625 2173 argenti
640 2113 715 2166 sunt,
757 2101 942 2170 inperatorem
963 2112 990 2152 et
1011 2099 1070 2169 Bip.
1092 2097 1139 2168 qui
1161 2115 1193 2150 ex
1221 2113 1269 2150 sua

203 2190 234 2231 ut
244 2197 293 2230 nos
301 2182 618 2252 computamus,267361
630 2199 713 2232 mares.
757 2181 907 2250 conjectura
926 2179 1022 2244 ailert,
1043 2177 1079 2228 ad
1097 2177 1217 2247 oppidana.
1240 2177 1269 2229 si

245 2266 272 2323 4.
287 2259 334 2310 Ad
348 2259 516 2331 imperandum.
535 2261 574 2314 Ut
588 2262 626 2325 ei,
642 2259 714 2331 quod
757 2259 816 2329 quis
838 2257 946 2330 objiciat
965 2261 1019 2330 jam
1035 2258 1162 2328 imperata
1177 2256 1268 2309 fecisse

203 2335 444 2410 Metelloplaceret.
457 2340 715 2412 imperaretur.Tam
757 2337 915 2404 Numidam,
930 2357 986 2392 non
1007 2355 1070 2409 ego,
1086 2337 1195 2392 humilis
1211 2333 1267 2389 Sal-

204 2418 277 2470 enim
292 2419 408 2490 passive,
421 2439 501 2492 quarn
512 2422 597 2474 active
608 2439 715 2474 sumun-
756 2418 829 2470 lustii
848 2419 992 2490 interpres,
1013 2415 1194 2489 respondebo;
1211 2435 1267 2470 rea·

204 2509 249 2550 tur
277 2498 420 2569 gerundia,
445 2511 476 2552 ut
503 2501 594 2553 multis
619 2501 715 2572 probat
756 2496 886 2570 pendebit
900 2499 995 2551 melior
1009 2497 1051 2550 vel
1066 2498 1125 2568 ipso
1143 2496 1266 2549 Sallustio

205 2577 326 2642 Curtius,
347 2591 374 2631 et
392 2578 471 2632 docet
491 2579 578 2634 Senot.
599 2580 713 2635 Minerv.
756 2595 924 2631 romanarum
932 2578 1029 2630 artium
1036 2577 1186 2644 aestimator,
1193 2575 1267 2628 Mon·

204 2673 254 2724 ιιι,
270 2661 303 2722 83
319 2660 394 2729 cajus
407 2659 446 2711 rei
454 2659 511 2712 haec
524 2659 655 2712 sufficient
669 2679 714 2712 ex·
757 2661 868 2730 requies,
880 2657 1158 2712 amatunam:
1173 2657 1267 2726 :Qual-

204 2735 299 2808 empla.
320 2736 417 2790 Noster
437 2757 495 2810 sup.
510 2739 557 2791 V:
578 2765 589 2786 ι
606 2740 667 2804 Quo
681 2740 716 2792 ad
755 2740 847 2808 quefois
866 2739 895 2790 ta
912 2741 1037 2791 traitar'ent
1053 2737 1084 2790 de
1100 2738 1126 2788 la
1138 2741 1200 2808 pais
1210 2757 1267 2789 avec

204 2816 391 2885 cognoscendum
410 2809 445 2878 (i.
461 2836 484 2870 e.
506 2830 537 2870 ut
553 2837 714 2889 cognoscan·
756 2836 789 2869 un
801 2821 884 2888 prinae
900 2838 955 2871 sous
969 2817 1010 2870 des
1026 2816 1158 2870 conditione
1172 2817 1265 2868 rarion-

204 2893 264 2960 tur)
281 2896 369 2948 omnia
385 2896 497 2950 illustria
510 2899 606 2969 magis,
619 2899 714 2969 magis·
756 2897 851 2958 andlan
860 2910 886 2949 et
895 2899 1047 2972 lorsqa'r'lles
1057 2901 1124 2951 avait
1132 2901 1263 2959 εωέοιαέοε,

204 2994 256 3047 que
267 2976 294 3028 in
304 2976 482 3047 apertosint.·
496 2977 671 3043 tustinum,
687 2979 711 3033 3:
756 2977 786 3028 ils
800 2997 830 3029 en
843 2981 975 3048 ajoutar'ent
988 2979 1018 3031 de
1033 2979 1114 3044 telles,
1131 2978 1195 3049 qu'r'l
1207 2981 1268 3029 &tait

207 3055 339 3108 «Athenas
352 3055 475 3109 erudiendi
486 3051 534 3119 (ut
546 3053 713 3120 erudiretur)
749 3057 857 3124 sorcdde
869 3078 1036 3112 recommanoer
1048 3059 1073 3111 la
1086 3077 1180 3127 guerre.
1191 3057 1267 3111 Ainsi

202 3137 287 3208 gratia
304 3135 405 3189 missus.
419 3162 430 3183 ·
447 3138 517 3190 velt.
532 3156 567 3200 rr,
588 3139 640 3191 15:
654 3139 714 3192 “Ut
755 3138 839 3210 quand
846 3139 877 3190 ils
891 3141 1066 3208 assurentfait
1078 3139 1150 3190 livien
1159 3157 1209 3208 par
1218 3137 1266 3190 Ju-

202 3217 273 3269 cires
298 3235 423 3270 romanos
447 3217 482 3269 ad
506 3219 645 3272 censendum
658 3213 669 3282 (
683 3232 714 3274 ut
753 3218 1032 3290 gurtlrasese'lspliants,
1045 3239 1082 3272 ses
1096 3220 1216 3282 chanan,
1229 3237 1266 3270 ses

202 3295 381 3361 censerentur)
387 3317 418 3351 ex
424 3298 713 3369 provinciisinltaliam
756 3302 853 3360 naon,
863 3319 899 3350 scs
914 3301 1064 3370 transfugas,
1082 3299 1110 3350 ils
1125 3300 1161 3350 lui
1170 3297 1266 3350 deman

201 3377 414 3431 revocaverint.»
435 3378 491 3432 Cic.
507 3379 590 3451 Epist.
600 3397 642 3445 rx,
658 3382 710 3435 25:
754 3377 838 3429 diurn
859 3377 889 3430 de
912 3380 983 3432 litter
1002 3399 1031 3431 Μ
1047 3397 1178 3450 pettvmwt
1197 3377 1265 3444 ‚clm

206 3457 301 3510 ·Nunc
315 3455 376 3510 ades
390 3459 425 3510 ad
436 3461 612 3530 imper-andeca,
624 3462 666 3514 rel
678 3459 712 3514 ad
755 3462 808 3530 qut,
827 3463 894 3510 ritant
903 3479 968 3530 pour
986 3477 1019 3511 un
1031 3463 1115 3530 prtia
1133 3459 1155 3510 b
1171 3457 1267 3510 dernier

200 3536 349 3608 parendum
365 3539 468 3610 potius;
479 3539 517 3592 sic
527 3541 598 3592 enim
610 3541 711 3613 antiqui
754 3538 795 3590 des
817 3540 947 3600 malleeurs,
970 3559 999 3592 ne
1019 3552 1079 3609 pent
1093 3541 1183 3610 januis
1196 3539 1265 3605 sairs

200 3617 385 3689 loquebantur.
392 3613 536 3689 »Denique
547 3619 666 3687 Seruius,
677 3619 712 3674 ad
754 3637 800 3671 une
809 3619 930 3672 condition
941 3619 972 3671 de
982 3623 1052 3690 pais.
1062 3645 1073 3666 a
1083 3649 1125 3662 -
1137 3617 1264 3671 Tauron.

200 3697 349 3770 hurrcVirg.
359 3698 710 3770 versum,Eclog.vrtr,71:
753 3697 811 3772 Bip
838 3699 958 3752 Tisdrurn.
984 3696 1055 3751 Vide
1077 3697 1205 3751 Indicam.
1224 3729 1266 3744 -

198 3777 288 3830 Frigidus
300 3781 320 3818 in
332 3781 405 3832 eampis
415 3782 504 3854 rumando
513 3781 698 3833 rnnphnrarrgaiu,
753 3779 863 3832 Πιερίῃ
873 3783 977 3832 mimum
985 3798 1060 3832 suum,
1073 3779 1200 3832 Animum
1210 3796 1225 3830 ῃ
1234 3795 1264 3830 η

199 3869 338 3928 postquam
361 3859 548 3930 interpretatus
572 3869 625 3924 est,
645 3875 710 3911 css·
753 3861 898 3913 constituta
906 3858 1054 3912 deflectere.
1062 3859 1265 3927 -Muln'snag-

196 3945 306 4003 ωηο,
326 3939 381 3990 dum
404 3943 428 3990 ei
446 3943 596 4001 incantatur,
620 3936 709 3992 addit:
753 3942 836 4013 nuque
856 3940 986 4011 praesidiis.
1009 3938 1115 3992 Scilicet
1134 3937 1265 4012 mannia,

204 4016 291 4069 :Tale
305 4030 344 4072 est
358 4017 426 4072 illud
441 4017 469 4072 in
487 4017 626 4088 Sallrrstio,
639 4039 711 4093 quum
753 4019 841 4092 equis,
857 4021 950 4086 arrnis,
965 4017 1119 4090 elephantis.
