2922 4642
296 403 370 470 DE
399 403 439 470 C.
468 401 662 472 CRISPO
690 401 999 472 SALLUSTIO.
1076 427 1206 474 xxxvii

133 537 171 606 ab
192 531 264 604 aliis
290 537 394 604 etiam
417 534 672 630 reprehensum,
705 536 790 604 sicut
818 549 935 606 notum
963 534 1044 606 illud
1072 539 1205 608 Seneca.

133 644 231 738 patris
256 641 350 737 praef.
381 641 438 710 lib.
469 643 521 710 111
554 657 759 712 controvers.
789 645 983 716 Ciceronem
1009 645 1207 739 eloquentia

134 774 196 820 suu
212 755 249 820 iu
273 749 484 822 carminibus
503 755 574 819 suis
594 750 771 820 danunt.-
792 755 968 820 orutioues
991 753 1153 822 Sallustii
1169 757 1206 822 iu

134 857 293 926 honorem
316 857 535 926 historiarum
564 858 730 952 leguntur.
761 857 827 928 Sed
853 873 969 928 notum
1001 858 1206 946 itidemst,

13 1035 14 1038 ,
135 963 212 1059 quid
233 963 425 1034 excrtsando
451 963 496 1034 illi
522 966 608 1033 mori
630 962 852 1059 eloquentiam
874 966 908 1033 in
934 965 1073 1035 historia
1094 979 1205 1036 osten-

137 1070 239 1157 tandi,
262 1069 488 1165 lectoremque
507 1069 693 1142 delectandi
714 1069 766 1140 vel
789 1071 959 1155 morandi,
979 1073 1021 1141 ab
1044 1071 1114 1142 aliis
1133 1097 1205 1142 res-

136 1203 277 1272 ponsum
293 1177 401 1246 fuerit.
416 1180 502 1249 Sane
516 1178 627 1248 licebit
641 1180 833 1274 properanti
851 1179 969 1248 tetrico
988 1193 1022 1248 et
1037 1179 1205 1248 fastidioso

136 1283 250 1354 lectori
263 1282 334 1353 illas
349 1286 516 1354 orationes
530 1283 633 1354 veluti
647 1283 801 1380 scopulos
817 1286 1110 1380 praeternavigare,
1126 1284 1207 1355 dum

136 1391 266 1460 interim
287 1390 360 1479 alii,
386 1391 507 1485 quibus
530 1390 617 1462 lectu
638 1391 748 1487 dignae
770 1406 805 1460 et
826 1392 1004 1485 insignium
1027 1391 1207 1462 documen-

137 1511 245 1568 torum
270 1497 376 1594 plene
402 1497 576 1588 videntur,
601 1524 642 1569 ex
664 1499 782 1572 iisdem
809 1497 1016 1594 voluptatem
1036 1523 1156 1594 capere
1174 1512 1208 1568 et

136 1603 282 1674 finctum
304 1607 524 1700 permiserint.
1041 1673 1047 1687 ,

186 1714 330 1782 Exstant
344 1711 559 1806 Thucydiden
583 1713 746 1808 gravitate
765 1727 799 1782 et
821 1729 919 1784 acuta
939 1714 1103 1785 brevitate
1124 1711 1208 1798 stili,

136 1817 411 1914 Catonianaeque¹
433 1807 546 1890 colore
565 1821 723 1890 orationis
738 1820 780 1890 ab
797 1819 1007 1892 nobilissuuo
1020 1821 1086 1892 hcc
1103 1819 1207 1890 tuto-

136 1923 224 1994 u'c0²
240 1925 435 2021 descripta:

194 2057 223 2102 1.
245 2033 379 2102 Bellium
403 2032 660 2127 Jugurtlimcm,
685 2047 803 2102 contra
822 2035 1025 2128 Jugurthnm
1043 2033 1209 2104 Numidia

137 2163 248 2234 regem
272 2163 362 2208 anno
378 2139 481 2211 Urbis
501 2137 579 2225 643
604 2165 651 2234 sq.
676 2153 824 2234 gestum,
855 2139 897 2208 de
922 2163 989 2233 quo
1013 2137 1209 2210 consulendi

136 2259 214 2315 sunt
234 2247 299 2314 viri
316 2245 407 2316 docti
429 2245 472 2316 ad
486 2243 573 2315 Flor.
594 2247 666 2333 ΙΙΙ,
687 2271 718 2335 1,
739 2245 797 2314 ubi
819 2247 855 2314 in
872 2244 1017 2316 editione
1032 2245 1209 2315 Graeviana

134 2355 209 2448 ing.
225 2377 360 2447 qnoque
374 2354 552 2448 imaginem
567 2354 601 2422 in
615 2378 718 2422 numo
733 2350 831 2424 Sullae
847 2351 1065 2448 contemplari
1077 2353 1209 2446 poteris.

136 2461 187 2527 Ex
214 2457 307 2530 libris
336 2461 467 2556 punicis
496 2463 707 2557 Hiempsalis
735 2458 894 2530 nonnulla
915 2459 966 2529 de
996 2461 1062 2530 situ
1090 2457 1210 2528 Africae

137 2565 239 2636 tradit
257 2565 434 2638 Sallustius
454 2565 531 2638 belli
547 2571 622 2663 Jug.
643 2593 714 2663 cap.
734 2593 776 2664 ¹7
798 2593 847 2662 sq.
864 2566 1060 2638 Orationem
1077 2590 1118 2636 ex
1136 2589 1209 2660 cap.

142 2695 205 2760 ιο,
224 2698 291 2768 que
309 2675 450 2770 Micipsa
468 2671 553 2746 filios
569 2673 611 2743 ad
627 2699 743 2770 pacem
759 2687 792 2744 et
806 2673 1020 2746 concordiam
1038 2673 1210 2760 hortatur,

137 2780 282 2850 Severus
302 2783 381 2876 imp.
405 2782 505 2852 morti
529 2782 658 2852 vicinus
686 2781 936 2853 commendavit
963 2781 1119 2852 Bassiano
1141 2779 1210 2848 filio
1264 2819 1269 2833 ι

138 2910 197 2956 suo
220 2903 303 2957 natu
320 2889 454 2982 majori,
477 2913 530 2984 ap.
554 2891 766 2983 spartianum
788 2915 816 2958 c.
841 2913 916 2960 xxi.

191 3019 228 3063 a.
242 2995 376 3064 Bellum
393 2997 647 3079 Gemmarum,
670 2997 738 3066 sive
749 2995 792 3065 de
802 2996 1041 3088 conjuratlbne
1053 2993 1213 3066 cuiluu

139 3097 243 3188 liber,
265 3127 340 3195 quae
358 3103 475 3174 incidit
488 3103 523 3171 in
538 3126 590 3171 an.
606 3103 650 3172 U.
670 3101 765 3197 691,
783 3128 850 3196 quo
871 3103 989 3172 Cicero
1004 3099 1120 3174 consul
1138 3098 1209 3168 iiiit.

138 3208 239 3276 Hunc
261 3206 400 3294 librum,
421 3233 521 3303 quem
539 3211 717 3304 separatim
733 3235 811 3280 cum
830 3224 1009 3280 comment.
1030 3233 1092 3278 suo
1110 3205 1212 3276 edidit

142 3313 342 3384 tteodorus
362 3319 392 3385 Ι.
416 3319 457 3388 F.
482 3317 750 3400 Graswiulteluu
770 3315 878 3411 Lugd.
902 3318 973 3386 Bat.
1003 3312 1122 3400 1642,
1149 3335 1212 3399 12,

138 3423 232 3514 prius
247 3423 417 3517 scripsisse
435 3421 607 3494 Sallustius
619 3423 771 3512 videtur3
790 3424 847 3493 sed
859 3420 1118 3518 iugurthinum,
1134 3421 1214 3512 quia

13 3553 15 3580 ³
139 3530 234 3621 prius
254 3543 384 3623 gestum
403 3543 470 3617 est,
489 3532 688 3624 praemittere
709 3529 844 3626 placuit.

195 3633 230 3706 3.
251 3637 281 3706 E
297 3660 362 3708 seu
383 3635 479 3708 libris
499 3622 881 3733 Historiauim³populi
900 3636 1045 3724 romani,
1066 3659 1087 3704 a
1104 3647 1213 3702 morte

184 3865 209 3902 1.
219 3847 282 3901 Vct.
295 3849 459 3922 epigramma
468 3865 510 3922 ap.
524 3848 637 3914 Quintil.
651 3848 720 3900 VIII
730 3888 737 3916 ,
747 3849 774 3901 3.
785 3849 822 3902 Et
834 3847 909 3900 cerba
918 3851 1012 3922 antiqui
1024 3848 1123 3902 multicia
1129 3847 1215 3916 saerata

140 3927 257 3992 Cuma,
273 3929 355 4002 Crispe
362 3971 370 3994 ,
386 3929 545 4000 Iugurthina
557 3929 666 3980 conditor
678 3929 792 3982 historia.

182 4029 209 4062 a.
232 4009 368 4082 Angustia.
384 4011 438 4084 Ep.
453 4009 494 4075 V,
508 4005 543 4062 ad
557 4009 675 4062 Marcell.
689 4027 713 4062 c.
731 4011 782 4076 16,
796 4007 859 4064 edit.
875 4029 959 4064 novae.
976 4009 1009 4062 T.
1020 4009 1064 4075 11,
1079 4009 1129 4082 Ep.
1149 4009 1213 4062 138.

182 4088 209 4142 3.
226 4088 295 4147 Male
307 4093 354 4150 alii
367 4093 456 4148 libros
473 4091 530 4156 XI,
544 4090 657 4158 vellii,
671 4101 835 4162 computant.

984 4183 1032 4268 Ci
