2922 4642
211 369 255 450 14
441 367 479 434 C.
509 365 694 434 CRISPI
729 366 1027 435 SALLUSTII

203 495 366 566 discordia
392 495 519 588 civilis,
539 511 633 591 grata
659 497 775 584 fuere3
797 497 907 592 ibique
934 498 1143 591 juventutem
1170 525 1262 572 suam

202 605 356 672 exercuit
376 605 506 698 Corpus
533 588 684 699 patiens⁵
706 603 837 692 inedias,
856 601 992 699 vigiliae,
1006 603 1145 702 algoris,
1163 633 1263 704 supra

201 735 301 805 quam
320 701 472 804 ciriquam
491 709 646 779 credibile
663 725 720 780 est
735 712 873 780 Animus
885 711 1007 800 audax,
1019 713 1191 802 subdolus,
1206 739 1261 784 va-

201 819 269 886 rius
275 803 300 906 ⁶,
309 815 482 910 cujuslibet
495 819 541 886 rei
555 815 726 887 simulator
739 842 778 887 ac
793 817 1041 908 dissimulator⁷,
1051 818 1147 888 alieni
1162 845 1261 916 appe-

200 937 284 1011 tens,
293 926 343 993 sui
355 924 524 1019 profusus,
537 923 654 994 ardens
664 926 697 993 in
709 923 961 1018 cupiditatibus;
974 927 1051 995 satis
1060 914 1271 1021 loquentiae⁸,·

200 1032 366 1124 sapientiae
392 1055 520 1125 parum.
543 1033 666 1100 Vastus
695 1029 850 1101 animus⁹
871 1031 1105 1121 immoderata,
1123 1033 1261 1102 incredi-

198 1135 293 1225 bilia,
311 1139 407 1205 nimis
433 1135 497 1206 alta
523 1161 653 1232 semper
675 1138 837 1232 cupiebat
858 1141 956 1206 Hunc
977 1153 1054 1234 post
1071 1139 1262 1209 dominatio

198 1267 275 1312 nem
296 1242 319 1266 ¹⁰
338 1245 432 1312 Lucii
460 1243 557 1313 Sulloe
582 1242 695 1313 lubido
715 1267 869 1312 maxuma
893 1247 1058 1314 invaserat
1074 1244 1261 1340 reipublicae

197 1349 369 1444 capiundae
383 1349 423 1439 ¹¹3
445 1372 551 1445 neque
573 1351 606 1419 id
631 1351 749 1446 quibus
774 1351 881 1420 modis
908 1351 1160 1446 adsequeretur,
1180 1351 1260 1420 dum

197 1455 258 1524 sibi
273 1481 412 1550 regnum
431 1472 582 1551 pararet,
596 1457 774 1552 quidquam
793 1459 887 1552 pensi
904 1458 1048 1527 habebat
1061 1456 1094 1542 ¹²,
1106 1457 1259 1553 Agitaba-

196 1576 251 1630 tur
269 1565 373 1656 magis
390 1565 559 1657 magisque
577 1565 611 1632 in
630 1563 698 1633 dies
717 1565 845 1633 animus
863 1564 957 1634 ferox
974 1565 1085 1660 inopia
1103 1567 1150 1634 rei
1168 1565 1259 1634 fami·

195 1773 252 1826 baec
265 1775 404 1838 seriorem,
417 1773 462 1826 illa
473 1785 589 1826 teneram
604 1784 706 1826 aetatem
748 1771 811 1825 licta
830 1773 982 1838 simulatum
1000 1791 1043 1826 res
1061 1792 1122 1826 vera
1141 1771 1260 1828 nmmu-

194 1852 336 1924 signifimi,
349 1865 380 1904 ut
399 1871 489 1905 sensns
508 1852 542 1904 sit
558 1851 657 1904 :simul
677 1871 706 1905 ac
748 1851 826 1904 latur.

196 1945 282 2004 togam
297 1933 399 1984 virilem
415 1943 575 2002 sumpserat,
592 1929 706 2001 gaudere
790 1935 816 1986 8.
830 1930 896 1984 Satis
909 1931 1137 2004 loquentioe.Vulgo
1149 1934 1259 2005 eloquen-

195 2012 274 2083 coepit
283 2013 358 2064 bellis
367 2009 509 2075 intestinis,
518 2010 609 2082 ibique
617 2005 707 2082 (atque
750 2015 799 2063 ts'oe.
810 2009 912 2063 Gellius
920 2024 1021 2076 autem,
1029 2029 1053 2076 t,
1064 2011 1097 2064 15
1107 2012 1259 2077 ,Valerium

195 2092 222 2143 in
236 2087 293 2155 his)
305 2091 475 2144 maturiorem
486 2109 591 2162 quoque
604 2101 706 2144 aetatem
749 2089 882 2154 Probum,
899 2092 1099 2161 grammaticum
1115 2091 1259 2159 illusaem,

194 2165 524 2242 (juventutem)exerouit.
542 2170 602 2222 Non
619 2183 706 2222 autem
749 2167 845 2222 dixisse
859 2170 941 2222 refert
955 2170 1008 2224 suis
1027 2168 1134 2224 demum
1156 2183 1258 2244 tempo·

193 2247 707 2320 satislinitaerantadolescentimjuven·
748 2249 821 2302 ribus
840 2249 892 2320 legi
908 2251 1015 2322 eoepisse
1036 2269 1128 2303 vocem
1150 2252 1259 2324 eloquen-

194 2329 309 2404 tutisque
329 2345 463 2403 tempora,
481 2331 601 2401 quamvis
620 2331 705 2382 Auso·
749 2329 1260 2404 tloe,Sallustiumveroscripsisseloquerr-

194 2413 253 2464 nius
272 2412 371 2482 Popma
387 2405 451 2472 (De
469 2408 625 2462 differentiis
646 2429 705 2462 ver·
749 2413 804 2474 tr'oe,
822 2407 917 2480 «quod
934 2410 1052 2482 loquentia
1065 2411 1186 2464 novatori
1199 2431 1257 2464 ver·

192 2487 305 2554 borum)
319 2489 411 2544 doceat
424 2491 573 2542 Varronem
592 2488 649 2542 hec
669 2489 705 2542 ita
747 2487 1258 2566 borumSallustiomaximeeongruereg

193 2568 571 2636 distinxisse,utadokseentiam
579 2567 705 2622 tribueret
748 2569 880 2640 eloquentia
898 2587 958 2623 cum
982 2569 1132 2642 insipientia
1150 2571 1259 2624 nrinime

193 2649 225 2701 iis
239 2649 286 2719 qui
300 2648 476 2720 trigesimum,
484 2651 643 2717 juventutem,
658 2647 704 2719 qui
748 2649 908 2702 conveniret.
920 2675 931 2696 ι
946 2647 1017 2702 Vide
1035 2651 1114 2704 etiarn
1127 2651 1257 2716 Plinium,

193 2725 421 2799 quadragesimum
434 2727 516 2780 aetatis
527 2745 626 2780 annum
639 2746 705 2780 non·
747 2727 764 2780 l.
773 2747 848 2800 mep.
862 2729 963 2794 ao,rrbi
973 2727 1037 2783 dicit
1050 2747 1057 2782 ε
1073 2757 1084 2778 ι
1096 2731 1257 2784 JuliusCan·

193 2805 258 2859 dum
269 2809 432 2860 excesserint.
447 2804 499 2859 Sed
513 2825 599 2878 neque
613 2807 704 2862 verisi·
747 2805 826 2861 didus
849 2827 905 2860 non
930 2809 1067 2863 invenuste
1085 2811 1151 2864 solet
1171 2809 1258 2864 dicere

193 2888 262 2940 milis
269 2899 308 2940 est
315 2887 360 2939 illa
369 2885 589 2958 significationum
598 2884 705 2940 distino-
746 2887 816 2939 olirsd
829 2909 877 2940 esse
889 2889 1057 2962 eloquentiam,
1074 2891 1144 2943 alud
1161 2891 1257 2964 loquer·

192 2967 246 3034 tio,
270 2986 356 3038 neque
382 2967 470 3038 prisco
494 2965 622 3038 loquendi
645 2968 704 3020 usui
747 2971 812 3020 tiam.
825 2993 836 3014 ι
847 2969 931 3021 Porro
942 2970 1077 3041 loquentia
1087 2983 1126 3024 est
1138 2969 1257 3042 quasdam

192 3047 324 3100 convenit.
337 3047 405 3099 Nam
413 3046 499 3100 Julius
511 3047 703 3114 Cesar,inlra,
746 3044 853 3102 dicendi
864 3049 974 3103 facultas
989 3068 1050 3102 cum
1063 3050 1189 3122 sapientia
1203 3069 1257 3102 non

193 3146 224 3180 eo
238 3141 356 3198 tempore
377 3147 431 3199 quo
453 3125 634 3198 pontificatum
653 3127 704 3179 sibi
746 3129 901 3200 conjuncta,
914 3129 1012 3182 Grecis
1024 3129 1106 3182 λαλὶα.

192 3209 319 3273 ambiret,
336 3205 543 3261 adolescentulus
563 3207 641 3260 luisse
661 3207 703 3260 di·
787 3227 813 3276 9.
827 3208 918 3258 Vastus
933 3213 1032 3274 artimus.
1046 3209 1101 3273 Qui
1115 3227 1170 3262 non
1183 3209 1257 3272 facile

192 3289 277 3353 citur,
294 3307 377 3361 quum
400 3285 434 3341 ad
455 3287 594 3340 minimum
616 3299 702 3339 tamen
746 3285 873 3356 expletur.
888 3289 963 3341 ltus.
1002 3349 1005 3360 ὑ

193 3387 272 3422 xxxvi
299 3387 380 3422 annos
407 3381 484 3422 natus
509 3357 582 3420 esset.
605 3365 703 3432 Quid?
790 3385 833 3419 ιο.
845 3369 906 3418 Post
915 3367 1103 3420 dominatrbnem.
1115 3368 1176 3421 Non
1186 3365 1257 3421 idem

192 3447 264 3521 quod
278 3449 371 3502 Cicero
380 3447 446 3502 illud
462 3462 565 3519 tempus
575 3447 703 3514 mouens,
745 3445 841 3500 esthoc
850 3445 1254 3520 looo‚quodfinitadomt'mtiooe,

192 3548 274 3599 quum
296 3531 350 3600 jam
375 3529 513 3582 consulatu
535 3528 702 3598 fungeretur,
746 3523 792 3578 sed
810 3525 841 3578 ab
856 3546 883 3577 eo
897 3540 998 3599 tempore
1011 3548 1057 3602 quo
1072 3527 1192 3578 dominari
1209 3547 1255 3578 αε-

192 3607 291 3663 diceret
305 3603 417 3680 (Philip.
430 3604 556 3671 11,46):
571 3633 582 3652 «
596 3603 702 3660 delendi
742 3619 820 3678 perat.
831 3605 883 3660 Hic
895 3626 957 3680 ergo
968 3607 1027 3680 gall.
1039 3607 1108 3660 verti
1117 3605 1195 3660 debet
1201 3618 1258 3680 post

192 3689 380 3761 rempublicam
394 3688 534 3738 adolescere.
546 3685 621 3740 Kurr.
749 3703 862 3752 nuruis,
877 3707 932 3740 non
948 3701 977 3741 ut
989 3689 1082 3760 vulgo,
1095 3691 1184 3740 arabs.

234 3771 258 3821 5.
271 3769 378 3820 Patrem.
391 3768 458 3821 Cum
467 3766 599 3838 genitivo,
610 3771 651 3839 qui
661 3767 704 3819 vel
790 3785 833 3820 rt.
848 3767 993 3839 Republica
1016 3766 1148 3840 capiunda.
1166 3764 1199 3818 Id
1219 3778 1258 3818 est

192 3849 257 3918 quod
265 3849 336 3900 habet
349 3851 399 3900 vim
411 3845 527 3918 patiendi.
746 3865 829 3918 remp.
844 3845 1003 3914 invadendi,
1018 3866 1119 3902 servam
1135 3859 1162 3900 et
1183 3845 1257 3918 quasi

233 3931 259 3978 6.
276 3928 304 3978 V
301 3933 374 3982 arins.
387 3928 441 3993 Qui
453 3925 537 3980 varias
548 3923 635 3978 induit
648 3926 702 3978 lor·
747 3931 862 3996 captivam
877 3925 1004 3992 faciendi,
1018 3927 1064 3999 qui
1082 3946 1172 3980 sensus
1194 3944 1257 3979 con-

192 4024 262 4070 mas,
276 4019 320 4058 out
341 4007 498 4080 multiplices
517 4004 553 4060 ad
572 4018 639 4060 artes
660 4025 702 4059 re·
745 4005 865 4060 firmatur
882 4007 1051 4079 sequentibus
1072 4007 1159 4062 verbis
1176 4023 1183 4058 :
1201 4003 1256 4058 dim

192 4085 282 4140 currit.
745 4087 792 4138 sa'bt
801 4106 899 4158 regnum
905 4099 1011 4158 pararet.

233 4185 259 4236 7.
272 4165 403 4218 Simulator
421 4187 450 4218 sc
464 4169 631 4220 Abstrahor.
651 4167 701 4220 lies
789 4185 832 4222 ra.
847 4167 922 4219 Persi
936 4166 1045 4220 lubebat.
1062 4167 1176 4220 Peneum
1194 4163 1226 4217 lit
1243 4185 1257 4216 a
