2922 4642
387 395 426 462 C.
461 395 640 462 CRISPI
671 394 962 464 SALLUSTII.
1141 421 1205 468 xxi

136 541 237 596 verat.
262 523 396 594 Eodem
423 524 528 594 ferme
549 541 698 621 tempore
723 525 906 622 longiorem
928 529 1126 616 Historiam,
1151 532 1205 599 cui

137 631 382 702 inscribebatur
393 630 524 720 titulus,
539 661 556 696 «
570 633 714 702 Historia
723 657 833 702 rerum
846 636 879 703 in
889 634 1059 730 republica
1069 661 1206 704 romana

137 754 324 833 gestarum,
341 768 359 804 »
378 740 592 833 conscripsit:
611 764 679 834 quo
693 764 793 834 opere
804 741 965 836 quidquid
979 741 1205 812 Catilinariam

138 847 405 939 conjurationem
427 846 513 914 inter
529 859 563 913 et
578 845 814 940 iugurthinum
838 847 962 918 bellum
981 863 1091 917 actum
1115 864 1206 938 erat,

138 952 382 1020 continebatur.
403 951 468 1020 Sed
487 949 610 1020 mutilae
631 966 759 1021 tantum
777 955 847 1046 ejus
867 953 1011 1049 reliquiae
1029 969 1062 1024 et
1079 954 1206 1050 aliquot

138 1058 327 1152 fragmenta
357 1072 553 1153 supersunt,
572 1060 606 1126 in
629 1059 747 1153 quibus
767 1059 867 1154 digna
884 1063 1054 1156 praeoipue
1076 1086 1205 1130 merno-

139 1179 216 1232 ratu
240 1165 389 1233 invenias
414 1179 557 1258 quatuor
573 1167 737 1234 orationes
760 1180 794 1233 et
811 1165 893 1234 duas
916 1166 1086 1261 epistolas,
1104 1192 1205 1236 unam

139 1272 290 1364 Pompeii
304 1270 347 1339 ad
358 1285 524 1360 senatum,
535 1269 670 1342 alteram
682 1271 884 1342 Mithridatis
895 1272 938 1340 ad
949 1273 1115 1341 Arsacem.
1130 1275 1205 1342 Istis

139 1377 274 1470 adjutus
289 1377 502 1473 fragmentis,
514 1402 635 1472 magna
650 1379 842 1472 ceteroquin
855 1378 1006 1449 doctrina
1027 1379 1207 1448 instructus

16 1477 18 1508 ³
140 1499 175 1552 et
200 1485 284 1554 mira
307 1483 464 1578 preditus
487 1485 608 1580 ingenii
629 1487 827 1578 sagacitate,
848 1485 900 1553 vir
930 1509 1100 1578 nunquam
1130 1487 1207 1554 satis

16 1599 18 1608 '
141 1588 328 1658 laudandus
348 1592 404 1659 De
419 1595 577 1676 Brosses,
595 1615 647 1660 res
665 1593 780 1660 Rome
799 1593 938 1685 septimo
961 1589 1081 1661 saeculo
1100 1606 1207 1686 gestas

141 1710 321 1790 perpetua,
338 1720 442 1790 eaque
455 1698 715 1784 accuratissima,
730 1699 917 1766 narratione
933 1712 1132 1792 exsequutus
1147 1712 1205 1767 est.

193 1805 269 1870 Jam
293 1801 456 1896 reliquum
476 1803 552 1872 vitae
569 1802 740 1872 Sallustius
764 1829 900 1898 magnas
925 1805 1011 1872 inter
1042 1829 1122 1898 opes
1144 1807 1206 1873 cir·

142 1909 378 2002 cumfusasque
399 1905 530 1978 delicias
550 1908 715 1998 traduxit3
733 1911 1064 2004 magnificentissimis
1084 1910 1207 1980 aedibus

142 2017 310 2084 in‘monte
324 2012 489 2102 Quirinali
505 2015 688 2100 aedificatis,
708 2016 766 2083 ubi
788 2031 822 2085 et
839 2015 1073 2086 saluberrimus
1091 2031 1208 2104 aer,et

143 2119 387 2215 pulcherrimus
414 2120 505 2189 urbis
526 2122 660 2216 patebat
677 2135 838 2215 aspectus.
858 2121 962 2190 Simul
983 2122 1109 2191 nobiles
1127 2125 1207 2191 istos

143 2227 259 2298 hortos
281 2227 505 2320 conserendus
529 2229 678 2315 curavit,
700 2251 783 2321 quos
802 2227 1056 2319 jucundissimos
1081 2229 1115 2294 in
1138 2241 1207 2295 tota

143 2334 225 2404 urbe
245 2347 377 2404 veteres
391 2358 635 2422 memoravere,
653 2349 687 2402 et
701 2347 834 2402 mortuo
848 2331 1002 2402 Sallustio
1020 2331 1208 2401 habuerunt

143 2441 361 2535 imperatores
370 2466 380 2527 ς
389 2439 572 2510 sufficiente
588 2441 736 2535 gentium
748 2440 896 2509 omnium
908 2438 1049 2507 dominis
1063 2461 1102 2506 ea
1114 2437 1208 2526 sede,

144 2571 215 2641 quae
232 2548 297 2616 viri
315 2548 437 2642 privati
454 2546 585 2616 fuerat:
602 2561 701 2616 tanta.
712 2544 776 2616 loci
794 2544 994 2641 amplitudo,
1017 2560 1129 2614 tantus
1149 2570 1207 2614 or·

28 2721 31 2728 .
144 2649 257 2722 natus!
273 2657 392 2748 Itaque
401 2650 603 2722 Sallustianis
616 2655 651 2721 in
665 2653 770 2722 hortis
784 2653 919 2722 inventa
932 2667 1010 2722 sunt
1021 2650 1163 2747 plurima
1175 2668 1208 2721 et

142 2762 381 2854 pretiosissima
393 2761 513 2829 artium
527 2763 735 2856 antiquarum
749 2773 979 2848 monumenta,
988 2784 1060 2854 quae
1070 2760 1137 2829 huc
1151 2784 1208 2828 seu

143 2869 265 2960 pn'oris
282 2867 356 2935 heri
373 2891 431 2936 seu
448 2869 616 2937 Caesarum
634 2893 714 2962 opes
740 2880 981 2963 congesserant.
1010 2867 1082 2935 Nec
1100 2867 1209 2934 minor

144 2971 208 3043 suit
216 2972 373 3043 Sallustio
386 2975 456 3042 ruri
470 2999 568 3068 quarn
583 2977 618 3042 in
633 2974 716 3042 urbe
730 2973 982 3068 magnificentia.
995 2971 1104 3040 Multa
1121 2973 1208 3040 enim

145 3079 267 3173 praedia
277 3081 497 3175 etpraesertim
507 3081 764 3176 prdcherrimam
774 3079 886 3148 villam
896 3081 1099 3173 emit,quam
1111 3079 1144 3145 in
1155 3103 1211 3172 op·
1311 3145 1314 3155 ,

145 3185 224 3278 pido
234 3186 359 3255 Tibure
370 3211 420 3256 xrr
434 3185 578 3257 millibus
594 3187 636 3258 ab
649 3189 758 3256 Roma
769 3186 911 3256 distante
920 3187 1032 3255 Cesar
1047 3199 1211 3254 exstruxe-

146 3307 206 3359 rat.
215 3293 302 3382 Quae
315 3293 450 3387 quidem
464 3306 532 3362 tam
546 3292 660 3363 effirsae
673 3295 828 3387 impense
842 3317 910 3361 non
923 3305 1119 3384 argumento
1133 3304 1210 3357 sunt

146 3396 337 3468 Sallustium
358 3424 436 3470 erun
458 3423 588 3468 summa
602 3400 790 3468 innocentia
810 3413 844 3466 et
864 3398 1060 3467 abstinentia
1080 3397 1211 3489 provin-

146 3505 233 3574 ciam
250 3503 398 3574 bfricam
419 3505 591 3593 habuisse,
612 3507 794 3600 praesertim
810 3506 837 3573 si
850 3501 1060 3572 narrantibus
1076 3499 1212 3569 credere

146 3608 196 3680 fas
222 3625 274 3680 est
292 3610 536 3681 adolescentem
558 3635 636 3680 eum
653 3613 766 3681 omnia
786 3607 1018 3706 disperdidisse
1038 3607 1143 3690 bona,
1166 3609 1212 3676 ita

146 3732 184 3786 ut
206 3743 251 3786 ne
267 3731 442 3812 paternam
460 3717 593 3812 quidem
612 3717 749 3787 domurn
766 3717 957 3787 servaverit.
978 3717 1052 3784 Hoc
1070 3715 1158 3783 enirn
1181 3715 1210 3781 ei

146 3823 368 3894 acerbissimis
387 3823 498 3894 verbis
525 3824 638 3917 objicit
658 3839 795 3912 auctor,
815 3824 1015 3918 quicumque
1028 3835 1097 3908 est,
1112 3819 1212 3914 hujus

145 3929 181 3998 in
202 3928 393 4002 Sallustium
414 3929 789 4026 declamationis,quam
811 3929 873 4001 sub
888 3928 1060 4000 Ciceronis
1078 3927 1212 3998 nomine

147 4037 395 4109 circumferunt.

983 4151 1029 4236 B3
