2942 4662
489 399 923 467 GEOGRAPHICUS.
1155 395 1228 471 555

172 546 268 582 canens
290 525 415 591 flavium,
434 529 559 584 llomsnis
580 527 677 583 dictem
697 527 777 582 fuisse
799 529 912 582 Galliam
934 529 1102 601 Cisalpinam.
1117 529 1228 602 Reliqua

171 608 301 662 duntaxat
311 627 372 678 pars
385 608 492 679 proprie
506 609 581 661 ltalia
590 609 745 672 vocabatur;
755 609 783 662 in
792 627 844 680 qua
853 609 932 662 etiam
940 609 1031 681 ingens
1043 607 1075 661 ad
1089 608 1226 664 meridiem

171 700 272 741 tractus
287 685 433 740 diutissime
447 705 543 740 nomen
556 705 655 759 magnas
672 687 781 742 Graecias
792 689 910 742 retinuit.
924 690 1018 744 Cetera
1030 701 1075 742 sut
1086 702 1166 752 nota,
1182 702 1227 744 aut

172 787 229 820 non
240 767 318 838 hujus
331 767 475 838 argumenti
483 780 552 820 sunt.
596 787 597 791 ¹
1095 823 1097 830 ,

212 848 329 913 lasaron
345 867 371 918 p.
392 849 460 916 188,
475 865 544 914 sss,
562 849 634 908 aab,
657 847 945 902 massmannum
966 843 1013 920 (p.
1033 848 1107 911 ars)
1123 849 1228 902 Italicos

171 925 311 997 distinguit
327 946 340 978 a
354 927 469 983 Latinis,
483 925 517 979 de
532 946 584 1000 qua
598 947 627 980 re
644 939 724 980 totam
740 927 840 998 Sigonii
852 941 942 980 notam
957 928 1001 979 hic
1014 929 1160 982 exscribere
1173 948 1228 982 non

172 1007 267 1058 inutile
283 1007 370 1060 fuerit.
393 1033 404 1054 ι
424 1008 496 1060 Inter
511 1008 580 1060 cives
595 1009 742 1072 Romanos,
765 1007 864 1078 inquit,
885 1008 993 1060 Latinos
1008 1019 1034 1059 et
1050 1008 1154 1062 Italicos
1173 1021 1229 1062 erat

172 1085 332 1138 differentia.
351 1087 455 1158 Quippe
475 1087 596 1144 Latinos,
617 1087 686 1140 Latii
705 1087 817 1151 incolas,
837 1087 929 1158 populi
949 1088 1052 1140 romam
1073 1086 1229 1154 faederatos,

166 1169 226 1235 jare
240 1167 308 1216 Latii
319 1163 430 1218 donatos
443 1185 473 1218 er
490 1167 643 1238 antiquitate
658 1167 740 1238 liquet
754 1187 762 1232 ;
776 1167 812 1219 sic
822 1167 928 1219 Italicos
944 1165 1052 1237 reliquas
1065 1165 1096 1218 ad
1114 1169 1230 1222 Rubico·

172 1263 235 1296 nem
252 1245 334 1298 ltaliae
349 1245 522 1309 habitatores,
535 1247 627 1318 populi
646 1247 748 1299 romani
767 1244 919 1311 foederatos,
930 1249 987 1316 jure
1002 1247 1085 1298 Italico
1105 1245 1229 1318 praeditos

172 1322 313 1377 commode
328 1323 432 1378 definiri
451 1345 527 1396 posse
542 1345 685 1380 censemus.
701 1327 782 1379 ltalia
797 1326 867 1378 enim
885 1325 1048 1378 domicilium
1064 1345 1108 1378 eos
1120 1326 1230 1378 secrevit

173 1423 189 1455 a
206 1403 288 1457 Gallis
301 1417 327 1456 et
344 1405 562 1475 provincialibus;
578 1405 682 1460 foederis
697 1406 865 1470 communio,
880 1405 957 1458 abiis
971 1405 1012 1458 vel
1030 1405 1131 1458 civibus
1141 1425 1228 1458 roma-

173 1483 232 1544 nis,
247 1484 288 1536 vel
302 1485 445 1556 peregrinis
460 1497 486 1537 et
495 1487 603 1544 exteris,
617 1487 662 1558 qui
675 1503 838 1557 quacumque
850 1484 884 1538 de
897 1503 972 1538 causa
985 1487 1012 1537 in
1029 1485 1109 1538 ltaliae
1124 1483 1229 1556 oppidis

174 1575 353 1627 versarentur,
363 1565 404 1634 jus
416 1565 548 1630 italicum,
561 1567 594 1618 ab
606 1567 638 1618 iis
647 1567 731 1630 Italis,
742 1565 802 1636 qui,
814 1583 895 1636 quum
909 1565 1010 1618 Italiam
1024 1576 1158 1629 tenerent,
1173 1583 1229 1617 non

172 1645 233 1713 jure
243 1655 329 1696 tamen
342 1644 427 1696 italico
439 1645 602 1698 fruebantur.
612 1647 763 1700 Italicorum
773 1664 854 1716 porro
863 1664 1003 1697 numerum
1016 1645 1186 1715 expleverunt
1197 1643 1230 1696 ad

173 1741 246 1775 mare
261 1723 447 1793 Tyrrhenum,
467 1737 538 1776 trane
559 1725 692 1789 Tiberim,
706 1725 828 1790 Eunai,
841 1738 900 1796 post
915 1725 1036 1788 Latinos,
1049 1725 1117 1776 ultra
1130 1723 1231 1789 Lirim,

174 1803 315 1873 Campani,
333 1804 447 1870 Lucani;
462 1804 490 1856 in
503 1804 605 1866 Siculo,
623 1806 736 1871 Bruttii;
755 1806 783 1858 in
801 1805 891 1870 lanio,
911 1805 1033 1876 Messapii
1047 1816 1074 1856 et
1090 1804 1229 1870 salentini,

176 1880 210 1934 ad
228 1881 407 1950 Adriaticum,
418 1883 514 1955 Apuli,
528 1883 666 1949 Frentani,
689 1885 807 1938 Picentes
830 1897 856 1937 et
881 1885 1012 1948 Senones,
1028 1881 1229 1942 Mediterranei,

174 1962 285 2027 Umbri,
300 1962 403 2029 Sabini,
417 1963 517 2026 Marsi,
531 1964 653 2031 Vestini,
666 1965 824 2022 Marrucini,
834 1965 933 2035 Peligni
947 1977 974 2016 et
983 1964 1120 2016 Samnites.
1135 1990 1146 2010 ι
1158 1961 1231 2029 Quid

173 2060 239 2093 vero
252 2042 284 2094 sit
297 2042 458 2107 Quiritium,
470 2041 534 2114 quid
546 2043 681 2102 Latinum,
694 2043 758 2115 quid
770 2044 890 2098 Italicum
901 2045 958 2114 jus.
975 2043 1114 2114 perspicue
1127 2041 1233 2096 docebit'

173 2119 245 2174 idem
258 2121 394 2193 Sigonius3
409 2121 471 2176 item
485 2123 582 2184 Adam,
598 2125 684 2195 Antip.
697 2143 771 2186 rom„
788 2125 840 2176 vol.
853 2141 872 2174 r.
885 2123 1004 2176 Sufficiat
1017 2121 1105 2175 dicere
1117 2121 1231 2176 deterius

173 2201 297 2256 latinam
314 2221 394 2273 quam
406 2203 563 2268 Quiritium,
577 2201 623 2256 sed
638 2203 718 2275 paulo
730 2200 894 2256 commodius
906 2220 985 2273 quam
994 2201 1129 2260 Italicum,
1143 2202 1230 2256 fuisse.

658 2331 721 2422 a.

214 2463 286 2528 Κριοῦ
307 2464 439 2530 pirarios,
458 2460 476 2512 i.
492 2479 516 2513 e.
537 2461 621 2513 llrons
636 2459 740 2526 arietis;
761 2479 789 2532 p.
808 2465 874 2531 447.
891 2459 995 2512 Nomen
1010 2457 1188 2530 promontorii
1202 2459 1231 2512 in

174 2537 338 2592 Chersoneso
352 2541 479 2604 Taurica;
491 2559 518 2593 n.
530 2547 576 2608 94.

680 2625 718 2691 L.

214 2739 385 2807 Limaeam}
400 2762 426 2814 p.
443 2744 507 2796 ³86.
524 2743 607 2796 Parva
619 2743 752 2816 Hispaniae
764 2744 836 2816 regio
848 2743 917 2796 inter
931 2743 1037 2796 lbnum
1053 2753 1079 2794 et
1092 2740 1231 2814 Pyrenaos

174 2833 285 2873 montes.
307 2821 417 2874 llavere.
436 2823 499 2894 legit
520 2823 691 2885 lacerantium,
714 2821 871 2896 dubitatque
888 2825 928 2875 De
948 2823 1046 2875 Bmaa
1073 2834 1162 2874 utrum
1180 2821 1233 2892 legi
1342 2881 1345 2887 .

174 2912 288 2970 praestet.
302 2901 353 2954 Hic
368 2901 541 2954 erseribemus
554 2917 662 2968 notam,
678 2905 765 2974 cujus,
778 2923 828 2976 pro
842 2922 888 2956 sua
900 2903 1081 2961 humanitate,
1095 2901 1171 2954 nobis
1187 2919 1231 2952 co·

173 2979 245 3050 piam
260 2980 321 3034 feeit
339 2979 443 3034 doctiss.
465 2981 591 3054 hispanus
607 2985 704 3036 Anton.
721 3003 736 3034 a
753 2983 885 3036 Lforenoe:
906 3009 917 3030 ι
936 2984 1113 3036 Lacarsnrssr
1126 2999 1132 3034 :
1146 2977 1233 3032 Hodie

173 3071 272 3112 tractus
287 3072 325 3112 est
344 3061 457 3122 Cervera,
479 3074 505 3114 et
519 3063 638 3115 locorum
653 3061 926 3135 circumadjacentium
944 3064 971 3114 in
992 3059 1144 3116 ¹Catalaunia
1163 3060 1233 3113 inter

173 3137 274 3191 flumen
283 3139 380 3193 Sicoris
390 3137 431 3202 (le
443 3139 535 3210 Segne)
550 3154 577 3194 et
593 3142 714 3194 Cardena.
732 3143 887 3196 Ptolemaeus
900 3142 997 3194 incolas
1010 3139 1114 3195 vocavit
1128 3141 1232 3192 Acoete-

173 3237 241 3284 nos;
254 3219 369 3286 Plinius,
379 3221 497 3292 regiones
511 3217 673 3286 describens,
685 3221 835 3274 Lacetanos.
843 3221 918 3274 Illius
930 3221 1086 3291 exemplaria
1092 3219 1231 3290 impressa,

173 3295 239 3350 dum
259 3301 351 3371 populi
369 3298 403 3352 ad
423 3311 582 3353 conventum
599 3300 851 3370 Cesaraugustannm
868 3295 1030 3368 (Saragasse)
1046 3312 1232 3352 concurrentes

173 3377 306 3444 citantur,
324 3381 453 3432 intereos
469 3381 599 3430 Lacetanos
618 3391 766 3431 numerant.
784 3377 835 3431 Sed
850 3379 947 3449 absque
965 3377 1047 3430 dubio
1063 3377 1232 3430 librariorum

173 3457 212 3510 ibi
228 3471 267 3510 est
278 3477 352 3512 error
365 3477 372 3511 :
387 3460 507 3511 lacaetani
516 3458 593 3511 scribi
604 3455 696 3510 debuit
707 3470 733 3509 et
742 3459 794 3528 legi
804 3457 890 3512 debet.
901 3457 1022 3509 Lacetani
1036 3456 1107 3508 enim
1116 3474 1232 3508 conven-

174 3537 215 3588 tui
228 3539 419 3592 Tarraconensi
438 3537 534 3592 addicti
551 3550 633 3590 erant.
652 3535 812 3608 Aliquandiu
829 3537 966 3590 Laeetania
982 3535 1054 3606 regio
1073 3537 1133 3607 plus
1145 3537 1232 3606 ampla

173 3615 240 3681 fuit,
250 3615 398 3689 Indigetes,
411 3621 567 3683 Ausetanos,
580 3617 753 3681 Castellanos,
762 3630 789 3669 et
801 3619 928 3670 Leetanos
939 3616 1123 3688 complectens.
1131 3614 1230 3678 Livius,

173 3695 281 3762 Strabo,
290 3710 317 3750 et
328 3717 399 3752 nnnc
411 3698 545 3752 Sallustius
558 3698 610 3750 hoc
623 3715 700 3750 sensu
712 3697 814 3769 loquuti
827 3710 914 3751 sant.»
929 3695 1003 3748 Idem
1015 3693 1049 3748 de
1060 3693 1233 3765 Ilergetibus:

173 3776 357 3831 hraoaross:
373 3804 384 3824 ι
401 3777 512 3830 Tractus
524 3777 584 3830 satis
599 3777 700 3848 amplus
713 3795 727 3828 s
741 3777 849 3830 flumine
861 3777 944 3832 Sicori
959 3771 998 3838 (le
1011 3771 1098 3845 Sagra)
1113 3777 1141 3827 in
1159 3777 1234 3828 Cata·

173 3856 275 3922 launia,
286 3856 320 3910 ad
334 3855 433 3910 flumen
448 3857 518 3910 Arsa
537 3857 564 3908 in
581 3857 722 3930 dragonis,
736 3857 800 3910 olim
809 3859 961 3912 Vasconum
976 3845 1130 3926 orientalem
1143 3855 1233 3908 termi·

173 3954 248 3989 num.
258 3935 291 3988 ln
299 3937 346 3990 illo
356 3951 441 3991 tractu
451 3949 512 3990 sunt
525 3935 605 3990 hodie
614 3937 731 3990 civitates
739 3938 838 3999 Lerida,
851 3939 948 4008 Frage,
962 3935 1106 3998 Barbastro,
1119 3948 1144 3988 et
1154 3935 1234 4008 burgi

174 4015 283 4086 plurimi
297 4015 551 4088 circumadjacentes.
572 4045 582 4064 ι
603 4019 758 4071 Lwaasrr.

208 4095 306 4162 Laass3
324 4117 350 4169 p.
367 4099 432 4167 ²93·
451 4125 462 4146 ι
483 4099 561 4151 Lares
579 4097 753 4152 Cirtesiorum
766 4091 895 4170 oppiduin
913 4097 988 4168 ponit
1001 4093 1170 4160 Ptolemaeus,
1187 4097 1233 4149 ali·
