2950 4646
203 367 273 442 152
436 369 474 438 c.
508 341 695 438 caism
728 365 1025 435 ssunusru

196 517 302 572 tutem
329 497 415 574 soliti
436 515 531 572 erant
554 498 758 570 nobilitatem
779 499 992 586 antevenire,
1017 497 1132 566 furtim
1152 513 1187 568 et
1205 521 1267 594 per

195 607 368 680 latrocinia
386 608 428 678 ad
448 609 586 704 imperia
606 622 640 677 et
655 607 799 676 honores
817 607 968 676 nituntur
986 631 995 674 ε
1014 603 1153 701 proinde
1170 609 1265 701 quasi

194 731 340 812 praetura
354 730 389 784 et
403 712 612 803 consulatus,
631 727 730 808 atque
752 709 814 781 alia
830 713 942 782 omnia
961 711 1194 806 hujuscemodi
1203 737 1265 808 per

194 845 231 894 se
251 825 322 918 ipsa
335 821 444 912 clara,
457 821 633 916 magnilica
654 821 737 909 sint3
751 842 791 888 ao
806 819 875 890 non
892 819 1029 915 perinde
1047 817 1266 909 habeantur⁹,

193 943 231 998 ut
261 953 398 1016 eorum,
427 930 483 1024 qui
512 930 693 1015 sustinent,
714 927 819 996 virtus
837 941 896 996 est
917 929 1045 997 Verum
1069 924 1166 1021 ego¹⁰
1184 923 1265 995 lihe-

191 1036 260 1105 rius
288 1035 448 1130 altiusque
476 1036 643 1131 processi,
665 1033 746 1104 daun
774 1058 827 1104 me
849 1033 989 1105 civitatis
1011 1056 1144 1102 morum
1172 1033 1264 1128 piget

190 1141 375 1236 taedetque:
392 1167 481 1212 nunc
499 1141 542 1211 ad
562 1144 732 1237 inceptum
749 1140 858 1210 redeo.
1052 1215 1054 1222 ,

244 1251 286 1318 V.
315 1247 443 1318 bellum
471 1251 654 1345 scripurrus
680 1273 754 1317 sum
777 1300 787 1337 ,
814 1247 903 1342 quod
936 1243 1080 1342 populus
1107 1269 1265 1317 romanus

191 1379 268 1424 cum
291 1356 480 1451 iugurtha,
501 1381 579 1451 rege
603 1341 848 1443 Numidarum,
876 1355 976 1450 gessit
994 1377 1002 1420 :
1022 1353 1167 1449 primum
1185 1353 1277 1447 quia

189 1569 335 1661 primum
360 1568 520 1662 superbiae
542 1567 720 1638 nobilitatis
741 1567 882 1662 obviam
894 1568 976 1638 itum
992 1581 1064 1635 est:
1082 1589 1262 1660 quecon·

189 1671 320 1742 tentio²
342 1673 454 1742 divina
473 1688 509 1743 et
525 1674 672 1744 bumana
692 1685 818 1746 cuncta¹
846 1673 1062 1770 permiscuit3
1084 1695 1190 1768 eoque
1206 1695 1264 1741 ve-

232 1893 259 1942 9.
276 1873 318 1926 Aa
332 1893 380 1926 non
390 1875 494 1945 perinde
509 1876 650 1930 labeannsr.
669 1877 704 1930 Et
748 1885 852 1929 uotum
866 1875 895 1928 in
909 1874 999 1928 Africa
1015 1885 1099 1947 gestas
1113 1883 1140 1928 et
1154 1885 1263 1929 externa

190 1952 266 2024 massi
279 1954 445 2026 magistratus
461 1956 501 2007 illi
514 1975 570 2008 non
586 1970 632 2010 aut
646 1975 703 2010 ma·
747 1957 835 2024 bella,
858 1951 905 2009 sed
924 1955 1015 2010 civiles
1035 1953 1115 2008 etiam
1134 1956 1264 2027 procellas

188 2035 451 2104 gnum,autnullum
460 2033 563 2088 bomini
573 2036 703 2090 honorem
734 2047 776 2090 'et
796 2049 871 2090 natas
888 2053 921 2089 ex
942 2034 1052 2088 avaritia
1071 2046 1099 2088 et
1118 2035 1263 2089 ambitione

187 2113 316 2182 afferant,
331 2127 413 2186 prout
435 2133 544 2187 magna,
566 2129 612 2170 aut
629 2117 703 2170 nulla
747 2114 922 2171 dissensiones
939 2115 1081 2168 narraturi.

188 2205 228 2246 est
243 2189 717 2251 hominumue-sustineren&
785 2195 1266 2262 Canv.1.Varla·uietorissuit.victo·

188 2286 267 2340 runt,
279 2271 472 2328 administrant.
484 2273 537 2328 Sed
548 2275 631 2347 magis
642 2295 705 2347 pm·
747 2275 788 2328 ria
798 2293 871 2328 nnnc
880 2274 947 2340 bue,
958 2291 1031 2328 nunc
1043 2275 1107 2328 illue
1116 2275 1261 2329 inclinavit.

186 2353 291 2424 prium,
306 2359 430 2408 sustinent.
449 2355 518 2408 Nam
539 2375 598 2407 onus
615 2354 703 2427 quod·
789 2353 1262 2427 a.stoeconteutio.Sc.plebeminter

187 2431 250 2486 dam
272 2434 331 2486 viro
352 2435 501 2506 imponitur
523 2447 639 2506 practura
660 2437 703 2489 rel
746 2447 773 2488 et
783 2435 959 2489 nobilitatem.
972 2436 1159 2490 Contentionis
1172 2447 1260 2489 autem

188 2513 347 2568 consulatus.
363 2515 460 2568 soson.
477 2533 522 2580 vs,
536 2516 568 2581 8,
582 2513 617 2567 de
631 2515 702 2586 Epa·
745 2515 821 2568 notio
829 2515 895 2568 latet
901 2513 1159 2575 inanteoedentibus,
1168 2515 1261 2568 obruis

187 2591 316 2647 minonda
330 2613 338 2646 :
357 2621 368 2641 ι
381 2593 503 2649 Honores
516 2594 553 2646 ita
565 2595 660 2666 gessit,
671 2609 701 2650 nt
745 2599 804 2648 imur
823 2607 866 2648 est.
880 2595 973 2668 Neque
988 2614 1052 2650 vero
1070 2608 1128 2660 tum
1138 2595 1262 2667 'primunt

187 2675 375 2726 &usamentum
381 2693 436 2727 non
444 2672 703 2747 accipere‚seddars
743 2687 805 2747 post
813 2676 908 2728 urbem
918 2674 1068 2740 conditam,
1078 2673 1192 2730 sedtum
1204 2676 1261 2747 pri·

186 2750 239 2823 ipsi
253 2751 376 2824 dignitati
388 2753 533 2808 videretur.
546 2779 557 2801 ι
744 2773 819 2808 mum
842 2768 904 2827 post
929 2755 1113 2810 Gracchorum
1137 2754 1262 2824 cadem,

230 2849 273 2886 so.
294 2827 384 2886 Verum
406 2854 458 2905 ego.
481 2833 607 2906 Agnoscit
628 2834 699 2906 ipse,
744 2847 934 2908 cruentamque
945 2836 1090 2889 nobilitatis
1104 2835 1261 2902 victoriam,

187 2910 261 2984 quod
276 2912 354 2967 initio
367 2912 585 2986 disimus:paulo
595 2914 700 2986 longius
743 2915 1173 2988 ejussuperbinobviamitumest.
1189 2914 1260 2968 Nam

186 3010 201 3046 a
216 2994 352 3063 proposita
366 3013 396 3046 ro
410 2995 570 3066 prooemium
584 2989 698 3065 evngmi.
744 2995 810 3048 alter
819 2995 1002 3050 Gracchorum
1008 2993 1260 3060 consonano

184 3073 324 3126 -Altirn
344 3073 384 3126 Ut
401 3072 512 3140 dicitur,
530 3093 566 3126 m
580 3093 610 3124 ea
630 3093 699 3128 sano
744 3074 1263 3146 633,0ccisusest;eanotemporeni·

186 3163 299 3220 repetem,
315 3153 352 3205 ita
363 3150 441 3218 dixit,
457 3171 552 3206 sarius
560 3154 696 3224 procedere.
741 3153 781 3206 bil
795 3157 851 3226 jam
859 3156 985 3228 potentiae
996 3153 1127 3208 nobilium
1140 3153 1261 3220 obstitit,

184 3229 698 3304 Nisilortsraetaphoraenaveinaltnm
741 3232 1263 3306 doneomnobadffllebeminsenatnm

184 3309 346 3382 procedente
355 3311 435 3366 ducta
450 3313 610 3367 sit-Dum
622 3333 696 3369 ma...
740 3315 913 3368 concitaverit
928 3315 1053 3368 tribunus
1062 3315 1093 3369 C.
1103 3312 1258 3368 Memmios.

181 3394 251 3460 papst
266 3392 389 3464 eantque.
402 3391 437 3445 Id
448 3405 503 3460 est,
512 3394 616 3466 longius
632 3413 697 3466 pro·
740 3393 812 3448 Vide
826 3394 909 3460 infra,
925 3395 1005 3448 XXX
1014 3407 1041 3448 st
1048 3395 1118 3448 XLI.
1125 3393 1260 3448 -Belluss

184 3483 354 3538 recursuum,
363 3472 601 3546 propterdolorem
611 3487 638 3527 et
650 3487 696 3530 tas-
739 3485 811 3546 atque
825 3478 930 3527 vastitas
944 3475 1035 3528 Isana.
1045 3471 1113 3528 Inde
1128 3474 1201 3526 enim
1214 3489 1260 3526 ex·

183 3547 273 3613 dium,
292 3549 367 3623 quod
382 3553 450 3606 mibi
464 3553 580 3606 afferunt
594 3553 695 3625 publici
739 3571 825 3608 arsere
840 3552 984 3610 seditiones
1002 3553 1169 3626 Appuleiam
1185 3553 1259 3606 Dru-

182 3633 392 3684 mores.-Jarn
407 3650 471 3685 voro
486 3633 646 3703 prooemium
662 3635 694 3686 il·
737 3633 874 3707 almaque
885 3632 948 3688 inde
959 3633 1061 3688 bellum
1069 3634 1181 3700 sociales
1192 3630 1259 3688 inde

181 3707 243 3775 lad,
255 3712 424 3784 quantumvis
435 3712 546 3793 longum
561 3724 588 3765 et
602 3731 693 3768 narra·
735 3711 1259 3780 bellnmcivileblarianumiudeultims

181 3789 249 3843 sioni
261 3811 355 3863 parum
367 3791 502 3846 coherens
513 3789 647 3860 videntem,
657 3805 693 3846 ta·
735 3793 781 3848 illa
789 3793 967 3850 stfoedissima
979 3794 1107 3866 unguine
1119 3794 1218 3848 civium
1228 3805 1257 3848 et

180 3887 244 3923 men
258 3872 348 3944 negari
362 3891 417 3926 non
431 3883 518 3945 potest
530 3872 568 3924 ita
582 3873 692 3945 legentis
734 3875 976 3947 proscriptionibus
1006 3873 1086 3946 Sylla
1115 3873 1252 3940 timoris,

181 3949 300 4004 animum
312 3953 433 4020 afflone,
447 3965 478 4006 nt
497 3953 610 4006 auctoris
626 3971 691 4026 pro-
734 3953 1031 4026 quarndiiscivitiom,
1038 3951 1173 4011 saltematl
1184 3965 1251 4008 ten·

181 4029 269 4102 posito
288 4033 401 4089 maxime
419 4033 557 4094 convenit,
572 4051 628 4092 uon
647 4051 690 4092 tas
732 4053 793 4108 pus,
805 4034 887 4089 linem
899 4035 971 4092 lesit.
