2910 4666
263 377 337 472 398
643 377 917 446 sannusrn

259 508 348 580 nulla
362 533 438 604 pars
457 509 583 578 fructus
599 523 655 578 est.
667 510 738 578 Nisi
753 510 837 579 forte
849 509 1018 604 repentina
1027 513 1087 580 ista
1100 510 1312 580 frumentaria

259 601 366 710 lege³⁹
388 617 498 683 munia
520 630 628 684 vestra
646 631 849 709 pensantur:
866 641 931 710 qua
948 631 1056 685 tamen
1075 619 1182 710 quinis
1196 617 1312 685 modiis

259 719 440 790 libertatem
457 723 602 790 omnium
617 736 847 810 oestumavere,
860 724 916 817 qui
927 722 1076 817 profecto
1091 747 1157 792 non
1173 721 1312 816 amplius

259 843 398 923 possunt
413 826 574 897 alimentis
585 831 733 898 carceris.
744 830 896 923 Namque
909 843 946 897 ut
962 827 1023 898 illis
1035 829 1210 924 exiguitate
1223 853 1312 896 mors

258 933 469 1028 prohibetur,
487 949 660 1003 senescunt
676 936 779 1018 vires3
793 936 839 1005 sic
853 959 958 1029 neque
969 933 1110 1004 absolvit
1120 959 1200 1003 cura
1218 935 1310 1002 sami·

259 1037 330 1109 liari
342 1055 409 1110 tam
427 1063 528 1134 parva
544 1065 613 1128 res3
627 1055 661 1109 et
678 1042 888 1135 ignavissumi
906 1042 1027 1135 quique
1038 1042 1239 1110 tenuissuma
1253 1065 1311 1135 spe

259 1146 467 1214 frustrantur.
489 1148 573 1234 Quae
594 1161 703 1216 tamen
721 1149 870 1240 quamvis
890 1147 998 1241 ampla
1010 1133 1045 1232 ⁴⁰,
1065 1147 1219 1240 quoniam
1243 1171 1309 1214 ser·

258 1253 327 1320 vitii
347 1253 488 1347 pretium
513 1265 754 1339 ostentaretur,
775 1253 868 1346 cujus
888 1251 1066 1347 torpedinis
1087 1267 1158 1320 erat
1182 1251 1310 1345 decipi,

258 1373 292 1426 et
306 1373 489 1427 vestrarum
502 1383 612 1426 rerum
626 1357 728 1446 ultro,
744 1359 878 1452 injuria,
896 1361 1034 1452 gratiam
1055 1356 1196 1428 dehere?
1212 1360 1310 1426 Nam

310 1564 355 1630 39.
386 1561 675 1627 Nisi...srumentaria
701 1561 761 1630 lege.
806 1559 936 1612 alimentis
950 1561 1068 1613 carceris.
1092 1593 1132 1602 -
1156 1559 1307 1628 Esiguitote.

260 1641 369 1694 Dixitin
382 1639 501 1692 oratione
512 1658 557 1692 sus
566 1637 681 1710 lepidus
693 1657 700 1690 :
714 1640 764 1690 Po·
806 1639 918 1709 Propter
929 1640 1102 1710 exiguitatem.
1122 1671 1162 1682 -
1181 1639 1223 1692 Sic
1237 1659 1308 1711 neque

257 1721 329 1791 palus
343 1739 452 1771 romanus
464 1739 493 1770 ne
507 1719 601 1770 servilia
614 1718 706 1790 quidem
719 1720 764 1769 ali·
805 1717 914 1770 absolvit.
929 1717 971 1771 Sic
980 1719 1055 1789 quini
1067 1717 1153 1772 modii
1161 1731 1188 1772 et
1197 1719 1249 1771 civi
1262 1739 1307 1772 cu·

260 1811 338 1851 mento
351 1801 441 1871 reliqua
454 1799 531 1851 taber.
542 1797 621 1850 Unde
634 1797 763 1868 conjicere
806 1815 860 1849 rani
881 1815 936 1850 non
956 1800 1087 1860 eximunt,
1111 1799 1176 1869 quin
1196 1799 1306 1870 amplius

260 1891 314 1944 est,
328 1879 425 1950 Syllam
447 1877 629 1930 frumentarias
645 1877 762 1947 largitio·
805 1876 904 1930 alendis
914 1877 1188 1954 liberissuisquaeratj
1201 1890 1227 1930 et
1238 1877 1308 1950 igna-

260 1977 326 2020 nes,
343 1977 407 2029 quas
428 1959 559 2010 minuerat
580 1957 617 2009 M.
639 1957 763 2009 Octavius
805 1958 924 2011 visaimos
936 1977 1070 2029 quosque,
1092 1957 1243 2010 tenuissima
1262 1977 1306 2029 spe

261 2033 763 2102 (vid.tib.1,n.21,infine)‚omnin0
806 2035 944 2110 deceptos,
965 2039 993 2090 in
1009 2037 1070 2089 salsa
1086 2037 1224 2090 securitate
1245 2037 1306 2090 reti·

261 2118 401 2172 sustulisse.
413 2116 478 2181 Sed,
486 2119 539 2187 jam
549 2130 618 2168 anno
628 2119 695 2186 679,
703 2133 765 2168 con·
806 2131 879 2170 nent.
892 2150 931 2161 —
944 2119 1109 2170 Frustrnntur.
1124 2116 1246 2168 Passive:
1261 2114 1305 2168 de·

261 2199 301 2252 sul
310 2199 339 2251 C.
347 2200 423 2252 Cotta
433 2199 595 2250 frumentum
604 2195 763 2267 populodis-
805 2198 948 2268 cipiantur.
957 2199 1027 2251 Cave
1036 2197 1106 2250 enim
1114 2196 1305 2266 interpreteris,

261 2279 398 2342 tribuerat,
412 2278 447 2330 ob
454 2277 590 2349 penuriam
598 2273 689 2346 deque
699 2273 764 2328 dixi·
805 2297 845 2346 spe
858 2279 901 2330 illa
914 2281 1048 2329 tenuissima
1060 2277 1209 2347 dejiciantur.
1224 2275 1303 2328 Intel-

261 2377 320 2411 mns
333 2377 411 2430 supra
423 2375 451 2410 n.
466 2369 536 2425 9,et
547 2373 606 2428 qun
617 2355 705 2407 locum
717 2353 763 2408 de·
805 2355 945 2426 ligevero,
963 2377 1009 2428 per
1026 2376 1088 2426 spem
1110 2353 1210 2406 subsidii
1225 2355 1301 2416 illim,
1364 2379 1367 2388 ·

261 2437 301 2491 dit
313 2439 383 2490 illius
398 2437 511 2489 orationi
524 2435 592 2488 inira
604 2434 762 2505 perscriptae.
805 2437 1007 2498 messanensi,
1015 2434 1303 2504 solluntrerPotumlroc

260 2516 379 2570 Tandem
399 2517 451 2570 lata
473 2516 551 2568 luisse
571 2511 677 2566 videtur
694 2531 763 2566 nova
805 2537 836 2570 ex
853 2513 1149 2586 Demosthen.Olyntl1.
1170 2530 1221 2578 rrr,
1238 2515 1303 2566 circe

260 2597 302 2650 lex
313 2593 761 2658 acanioet'rerentioconsulihus,
804 2595 904 2650 linem:
925 2597 1004 2649 ...Καὶ
1021 2603 1067 2648 τῶν
1083 2595 1195 2648 τοιούτων
1208 2585 1304 2664 tsppei

260 2695 312 2747 qua
325 2676 433 2746 singulis
446 2673 579 2726 mensibus
591 2673 666 2743 quini
679 2671 762 2725 modii
804 2695 852 2729 των
867 2676 1069 2746 detumuisse,
1086 2677 1103 2726 t
1116 2676 1165 2733 τοῖς
1180 2673 1301 2725 ἀσθενοῦσι

260 2755 402 2826 unicuique
411 2769 557 2826 pauperum
568 2751 665 2804 civium
673 2749 761 2805 distri·
803 2755 873 2826 παρὰ
890 2756 937 2808 τῶν
958 2757 1045 2826 ἰατρῶν
1067 2753 1151 2812 stricte
1167 2746 1302 2822 διδομένοις

259 2833 417 2887 huebantur.
438 2833 477 2884 De
490 2833 591 2884 ratione
604 2829 687 2882 nlodii
700 2831 761 2885 vide
804 2837 873 2887 torn·
886 2835 926 2887 καὶ
940 2835 985 2906 γὰρ
1002 2835 1055 2886 οὔτι
1071 2833 1138 2900 ἰσχὺν
1154 2833 1235 2884 lasivs
1247 2833 1303 2884 issi-

259 2913 319 2984 Jug.
332 2913 430 2974 XLIV,
444 2929 471 2963 n.
485 2915 511 2964 6.
525 2943 566 2954 —
578 2909 665 2962 Mania
680 2924 761 2962 vestra
801 2913 1145 2981 θησιν,οὓτ’ἀπιοντὶσνιιινέᾷ
1155 2911 1207 2966 nst
1216 2917 1303 2978 ταῦτα,

254 3007 394 3064 pensantur.
411 2991 479 3043 Nam
489 2991 606 3062 prolecto
621 2990 761 3043 frumenta·
803 2995 931 3064 ἀνίμνσθι
952 3000 990 3046 νῦν
1012 2996 1098 3062 ὑμεῖς,
1115 2993 1169 3044 οὔτε
1192 2991 1301 3044 τοσαῦτά

258 3070 598 3142 riaillale1,repentelatr,
609 3083 686 3140 atque
694 3069 760 3124 adeo
802 3075 867 3126 lessi
876 3073 940 3125 dors
949 3075 1061 3143 oporto
1072 3075 1133 3139 ἔχειν
1142 3065 1299 3140 τινὰδιαρνιῆ,

257 3153 408 3205 necessitate
425 3169 512 3203 renim
530 3161 645 3213 extorta,
657 3149 760 3204 labores
801 3153 852 3204 αὕτ’
868 3153 1016 3222 ἀπογνόντας
1029 3153 1085 3204 ἄλλο
1097 3169 1121 3202 τι
1132 3150 1250 3222 πράττων
1261 3153 1300 3219 ἐᾷ,

258 3243 357 3285 vestrm
370 3250 424 3283 non
437 3229 516 3302 digne
525 3227 655 3300 rependit.
667 3261 708 3272 —-
719 3231 760 3282 Li·
801 3231 855 3284 ἀλλ’
866 3235 918 3284 ἐστι
930 3238 1010 3284 ταῦτα
1019 3234 1062 3289 τὴν
1071 3231 1175 3283 ἑκάστου
1184 3231 1298 3300 ῥαθυμίαν

258 3312 371 3364 herrorem
392 3317 494 3362 omnium
518 3321 676 3362 asturicam.
706 3309 756 3363 Sic.
799 3313 865 3382 ὑμῶν
881 3311 1057 3374 ἐπαυξάνοντα.

258 3391 402 3446 Tecrlnn.
417 3409 441 3456 1,
461 3407 513 3462 17:
531 3389 671 3448 ·Denisin
687 3387 758 3442 diem
841 3399 886 3454 4ο.
911 3391 1023 3459 Quamvis
1040 3391 1128 3462 ampla.
1144 3387 1253 3441 Etiamsi
1271 3407 1299 3440 es

256 3469 600 3542 sssihnsoorpusetanimam
607 3469 753 3522 estimari.»
799 3471 924 3523 frumenti
939 3471 1043 3541 largitio
1058 3471 1142 3540 ampla
1161 3479 1187 3520 et
1202 3468 1300 3538 magni·

256 3550 756 3622 Nobiles,inquit,serrimtemrestram
798 3549 847 3602 lica
860 3561 933 3604 esset.
949 3579 990 3592 -
1006 3551 1080 3620 Cujus
1095 3547 1223 3620 comedistis
1238 3558 1296 3598 ent.
1323 3557 1327 3564 ·

254 3631 342 3702 quinis
361 3631 486 3683 frumenti
512 3627 607 3681 modiis
628 3643 755 3681 emerunt.
798 3629 903 3694 Quanta
916 3627 1034 3682 somniis
1057 3639 1143 3691 esset,
1169 3645 1219 3698 pro
1244 3628 1297 3679 inr-

254 3709 320 3762 Tam
332 3711 377 3762 vili
390 3710 535 3782 pretiosos
547 3707 756 3762 illislibertatem
798 3721 903 3774 mento,
926 3706 997 3781 quod
1017 3721 1132 3761 restrum
1152 3719 1205 3772 est,
1229 3707 1298 3760 ultro

254 3788 467 3843 vendidistitl-
478 3787 534 3840 Non
546 3789 754 3858 ampliuspossunt.
799 3788 850 3842 illis
862 3790 987 3861 gratiam,
1003 3787 1076 3841 nullo
1087 3791 1146 3858 jure
1166 3785 1296 3850 debitam,

255 3869 315 3921 Non
329 3869 502 3941 plaudent,
523 3883 600 3938 quam
617 3867 753 3934 alimento,
798 3867 1033 3922 heberei-Ultro.
1043 3867 1104 3921 Non
1112 3865 1191 3919 modo
1199 3865 1295 3928 abillis,

253 3964 311 4019 que
336 3949 488 4002 hominibus
521 3961 623 4000 carcere
648 3947 755 4001 inclusis
797 3947 870 4018 quod
889 3961 1004 4002 vestrum
1020 3959 1071 4004 est,
1098 3947 1234 4018 accipere3
1251 3941 1296 3998 sed

251 4027 411 4098 prebeatur.
424 4027 584 4100 -Namqroe
602 4039 630 4080 ut
643 4027 698 4080 itta.
713 4027 753 4096 Se,
798 4031 834 4082 eis
847 4029 1060 4099 insupergrstiam
1073 4025 1176 4080 debere.
1196 4057 1237 4068 -
1254 4025 1296 4076 In-
