2950 4646
192 358 264 431 136
534 359 910 430 ARGUMENTA..

187 490 310 556 XXXI.
335 489 447 554 Oratio
465 487 611 554 Memmii
624 488 665 554 ad
678 489 811 578 quirites
831 505 943 554 contra
961 491 1154 579 optimatum
1172 515 1248 558 cru·

295 595 474 677 delitatem,
486 595 669 684 superbiam
691 611 789 682 atque
806 595 981 662 avamtiam.

187 701 325 768 XXXII.
350 701 478 766 Cassius
496 718 630 790 praetor,
645 701 738 781 jussu
757 701 885 790 populi,
903 702 944 766 ad
961 703 1154 793 Iugurtham
1170 705 1248 769 mis·

293 830 365 890 sus,
384 829 460 871 eum
486 807 674 896 interposita
698 805 762 870 fide
786 805 915 894 publica
939 809 1075 872 Romam
1099 807 1247 892 adducit,

293 937 360 1002 quo
378 914 519 996 facilius,
530 915 597 995 ejus
613 913 750 994 indicio,
763 913 874 978 Scauri
886 931 919 978 et
930 931 1114 980 ceterorum
1131 915 1248 980 delicta

291 1020 454 1110 patefiant.
1229 1067 1233 1082 .

183 1126 339 1192 XXXIII.
362 1127 476 1190 Statim
502 1127 662 1216 Iugurtha
678 1127 717 1190 C.
735 1126 850 1210 Baebii,
870 1127 993 1191 tribuni
1016 1128 1137 1216 plebis,
1153 1127 1245 1190 auxi·

291 1232 373 1296 lium
392 1254 507 1322 magna
525 1230 672 1296 mercede
689 1246 789 1320 parat.
805 1232 931 1296 Interea
950 1234 987 1296 C.
1001 1233 1175 1297 Memmius
1193 1256 1246 1296 re-
1382 1242 1388 1250 '

292 1361 365 1428 gem
388 1340 422 1402 in
445 1339 636 1402 concionem
661 1336 834 1425 producit,
858 1338 1016 1425 jubetque
1042 1338 1167 1403 sceleris
1194 1340 1245 1404 sui

291 1445 396 1510 socios
413 1445 546 1533 aperire.

183 1550 334 1616 XXXIV.
348 1551 385 1614 C.
397 1549 523 1613 Baehius
533 1570 641 1637 regem
653 1565 757 1614 tacere
765 1550 875 1634 jubet,
886 1549 1091 1640 populusque
1101 1548 1246 1614 ludibrio

290 1654 420 1720 habitus
439 1677 457 1719 e
474 1656 631 1720 concione
649 1654 794 1721 discedit.

182 1761 316 1826 XXXV.
342 1760 495 1843 Massiva,
520 1760 695 1826 Masinissae
728 1784 845 1854 nepos,
864 1783 903 1826 ex
928 1761 1033 1826 Africa
1050 1761 1094 1825 oh
1118 1777 1243 1824 metum
1274 1833 1285 1852 ·

289 1866 457 1955 Iugurthae
472 1867 646 1955 profugus,
660 1867 816 1931 suadente
832 1867 885 1955 Sp.
898 1867 1016 1932 Albino
1031 1869 1179 1949 consule,
1193 1890 1245 1932 re·

289 1993 392 2062 gnum
405 1970 567 2036 Numidiae
580 1972 660 2060 petit
676 1995 694 2035 a
707 1988 832 2036 senatu.
846 1973 939 2055 Quo,
953 1973 1046 2052 jussu
1057 1973 1245 2062 Iugurthae,

288 2077 473 2143 Bomilcaris
484 2100 594 2166 opera,
602 2078 788 2160 Interfecto,
799 2094 965 2142 accusatus
977 2078 1149 2160 Bomilcar,
1161 2079 1243 2144 clam

289 2183 324 2248 in
336 2183 524 2248 Numidiam
542 2183 625 2266 ahit;
637 2183 796 2274 Iugurtha
811 2183 945 2265 jubetur
959 2184 1050 2248 Italia
1066 2181 1230 2248 decedere.

180 2289 332 2358 XXXVI.
356 2290 509 2372 Albinus,
524 2307 679 2355 renovato
695 2291 796 2372 bello,
808 2307 948 2356 maturat
962 2290 997 2352 in
1008 2291 1148 2354 Africam
1165 2313 1243 2380 pro·

290 2395 399 2463 ficisci.
419 2395 483 2462 Sed
500 2397 552 2460 ille
570 2419 722 2484 quoque,
739 2397 807 2461 sive
825 2395 993 2486 iugurthae
1014 2394 1096 2460 dolis
1116 2397 1246 2479 elusus,

290 2503 357 2568 sive
376 2503 445 2591 ipse
467 2524 534 2566 non
560 2502 634 2567 satis
657 2501 759 2584 fidus,
778 2503 896 2567 infecta
921 2525 972 2584 rc,
991 2501 1074 2566 Aulo
1092 2504 1191 2566 fratre
1208 2503 1242 2566 in

289 2610 399 2674 castris
409 2609 537 2690 relicto,
548 2607 589 2672 ad
600 2608 806 2675 comitiorum
818 2607 905 2672 diem
912 2609 1051 2700 ,Romam
1062 2609 1243 2673 revertitur.

180 2715 348 2780 XXXVII.
371 2713 485 2778 Dilatis
502 2735 600 2795 vero,
619 2730 751 2802 propter
769 2713 957 2778 tribunicias
976 2713 1167 2798 seditiones,
1186 2736 1246 2804 per

197 2866 200 2874 ·
289 2835 397 2885 totum
419 2841 543 2883 annum
569 2821 726 2904 comitiis,
745 2843 783 2884 ea
805 2843 896 2884 mora
913 2821 947 2884 in
967 2843 1057 2910 spem
1082 2819 1243 2886 adductus

289 2924 391 2990 Aulus
403 2941 460 2990 aut
471 2925 592 3020 bellum
604 2923 812 3008 conficiendi,
824 2943 881 2990 aut
892 2927 1063 3015 pecuniam
1072 2927 1112 2990 ab
1121 2926 1137 2989 J
1139 2947 1241 3014 ugur-

288 3029 345 3094 tha
360 3045 483 3094 terrore
499 3029 657 3094 exercitus
675 3029 842 3113 eliciendi,
858 3031 1016 3119 oppidum
1035 3029 1169 3112 Suthul,
1181 3029 1241 3093 ubi

288 3136 371 3226 regis
388 3135 531 3200 thesauri
549 3151 655 3219 crant,
675 3135 780 3202 media
797 3137 903 3202 hieme
919 3137 1067 3206 obsidere
1085 3151 1184 3225 parat.

178 3240 363 3312 XXXVIII.
386 3240 428 3304 At
442 3241 570 3330 propria
587 3241 763 3330 imperitia,
777 3241 860 3330 regis
875 3240 1064 3323 calliditate,
1076 3241 1242 3308 centurio·

281 3369 369 3413 num
386 3345 590 3436 proditione,
609 3347 643 3410 in
660 3346 791 3411 insidias
809 3346 993 3429 adductus,
1012 3363 1242 3433 nocturnoque

286 3475 460 3542 oppressus
475 3454 617 3544 impetu,
631 3452 885 3542 ignominiosum
901 3451 1006 3516 foedus
1025 3475 1101 3516 cum
1119 3453 1241 3541 Iugur·

286 3559 343 3622 tha
359 3557 451 3624 facit:
468 3575 506 3622 ut
524 3557 647 3627 subiret
658 3557 792 3647 jugum,
810 3574 842 3622 et
859 3557 971 3624 decem
989 3557 1103 3622 diebus
1121 3557 1241 3621 Numi-

284 3663 337 3731 dia
351 3662 528 3728 decederet.

176 3770 331 3839 mlx.
348 3769 475 3834 Consul
490 3767 625 3834 Albinus
644 3770 752 3859 copias
770 3787 875 3861 parat,
894 3793 974 3859 quas
993 3793 1034 3834 ne
1046 3771 1081 3834 in
1099 3769 1240 3836 Africam

284 3899 394 3942 secum
423 3891 566 3964 portaret
590 3901 608 3940 a
633 3876 772 3940 tribunis
802 3878 903 3966 plebis
927 3877 1127 3966 impeditus,
1151 3876 1243 3940 solus

285 3981 510 4072 proiicIscitur.
522 3981 585 4048 Sed
597 3983 756 4070 corruptis
768 3983 896 4048 licentia
907 4000 1005 4074 atque
1015 3981 1141 4052 lascivia
1153 3981 1242 4048 mili-

284 4087 388 4172 t'bus,
406 4086 528 4156 bellum
545 4109 700 4154 renovare
716 4088 839 4176 nequit.
