2916 4630
195 497 196 504 χ
255 421 303 508 48
509 427 547 495 C.
576 425 748 494 CRISPI
776 417 1053 494 SALLUSTII

253 571 413 650 quantus,
431 572 488 625 aut
508 582 574 651 quo
593 555 727 626 consilio
751 540 868 643 foret³‚
883 557 960 626 satis
983 567 1188 650 compertum
1210 554 1309 622 habe·

254 661 328 749 bat,
347 687 416 730 rem
431 663 473 731 ad
491 678 640 733 senatum
656 662 755 732 refert
764 650 788 750 ⁶,
804 663 872 754 jam
891 676 988 730 antea
1000 645 1111 756 volgi⁵
1124 660 1310 730 munoribus

254 771 458 862 exagitatam.
486 772 624 863 Itaque,
642 767 731 861 quod
763 766 956 862 plerumque
985 768 1019 836 in
1047 767 1150 836 atroci
1178 767 1310 860 negotio

254 873 353 962 solet,
370 888 502 944 senatus
524 875 688 960 decrevit,
707 895 850 954 oananr
875 895 1022 942 orantis
1042 893 1239 957 consuens,
1264 895 1311 940 ns
1342 953 1345 962 Ι

254 1001 342 1061 oum
354 1001 568 1050 ansruonrca
586 999 806 1048 narnrnann
827 1001 993 1050 crearer.
1007 979 1056 1046 Ea
1077 962 1239 1071 potestas⁶
1251 1001 1311 1071 per

254 1100 424 1172 senatum,
446 1110 538 1153 more
567 1109 724 1170 romano,
743 1084 947 1178 magistratui
972 1107 1128 1152 maxuma
1153 1084 1311 1176 permitti·

254 1203 308 1258 tur
324 1218 331 1258 :
347 1191 525 1259 exercitum
546 1213 681 1284 parare,
696 1188 818 1260 bellum
836 1213 969 1284 gerere3
987 1213 1140 1258 coercere
1160 1189 1310 1258 omnibus

253 1295 358 1366 modis
372 1299 478 1366 socios
491 1310 589 1390 atque
603 1299 710 1384 cives,
724 1296 813 1365 domi
826 1293 1013 1390 militiaeque
1028 1297 1200 1390 imperium
1215 1309 1311 1387 atque

249 1401 408 1494 judicium
430 1427 595 1471 summum
616 1403 758 1488 habere3
773 1401 876 1490 aliter,
891 1403 960 1470 sine
981 1400 1094 1496 populi
1107 1401 1218 1494 jussu,
1231 1397 1309 1468 nulli

252 1531 365 1576 earum
384 1534 494 1577 rerum
516 1507 643 1578 consuli
659 1509 714 1601 jus
734 1522 792 1577 cst.

305 1617 415 1684 XXX.
446 1617 531 1684 Post·
550 1639 673 1710 paucos
694 1613 762 1682 dies
784 1617 821 1682 L.
845 1616 969 1682 Saenius
990 1613 1174 1682 senatorio
1196 1624 1310 1678 senatu

254 1719 363 1790 literas
381 1723 548 1809 recitavit,
563 1745 644 1815 quas
659 1719 790 1789 Faesulis
809 1718 933 1789 adlatas
952 1719 1012 1788 sibi
1029 1717 1178 1804 dicebat,
1196 1717 1231 1783 in
1244 1717 1312 1809 qui·

254 1827 315 1896 bus
343 1829 502 1922 scriptum
532 1841 661 1916 erat,«
691 1829 729 1896 C.
757 1825 918 1894 Manlium
945 1849 1036 1893 arma
1066 1825 1212 1918 cepisse,
1235 1845 1309 1890 cum

255 1955 375 2027 magna
392 1932 618 2022 multitudine,
629 1948 704 2001 ante
725 1933 810 2001 diem
822 1934 871 2002 vt
890 1929 1044 2000 kalendas
1061 1928 1249 1997 novembris
1260 1925 1279 1993 ¹.
1291 1957 1308 1992 »

295 2113 320 2166 3.
339 2114 450 2184 Quantas
464 2126 509 2165 aut
520 2133 566 2186 quo
580 2115 678 2166 consilio
686 2113 761 2180 serrat.
806 2110 1185 2182 fortissimorumquevirorum
1191 2106 1312 2181 praesidio

253 2192 374 2258 Quantus
396 2206 478 2260 esset,
498 2207 542 2246 aut
567 2191 632 2265 quid
657 2193 762 2246 consilii
806 2201 894 2263 septus
908 2191 1039 2256 venit,ut
1053 2191 1089 2242 ait
1104 2190 1173 2260 ipse,
1187 2207 1238 2260 pro
1252 2188 1312 2241 Mu·

251 2272 368 2326 baberet.
804 2289 890 2336 rana,
905 2287 977 2324 xm.

294 2359 320 2415 4.
341 2353 401 2405 Rem
419 2354 577 2406 adsecutum
596 2354 675 2420 refert.
698 2352 762 2404 Tes-
847 2351 873 2403 5.
884 2350 968 2419 Volgi.
985 2349 1039 2402 Pro
1052 2349 1131 2418 vulgi.
1148 2349 1266 2400 Donatus
1280 2344 1313 2399 ad

253 2444 323 2484 tatur
345 2433 453 2498 Cicero,
471 2452 522 2504 pro
547 2433 682 2496 Murena,
701 2449 762 2496 xxv,
805 2429 867 2482 Ter.
877 2427 1041 2494 Andr.1‚a,
1054 2427 1132 2480 docet
1145 2427 1217 2479 nulla
1228 2427 1314 2480 littera

252 2511 293 2564 bis
304 2511 424 2564 habitum
437 2530 491 2564 esse
503 2510 536 2564 de
549 2530 580 2563 ea
593 2529 622 2564 re
634 2523 761 2564 senatum.
805 2509 890 2560 vocali
899 2508 1029 2579 geminata
1037 2507 1107 2560 effici
1115 2506 1253 2578 syllabam
1262 2503 1315 2575 legi

253 2589 344 2642 Primo
367 2589 504 2643 decretum
530 2603 569 2642 cst
592 2609 626 2642 ne
657 2589 762 2642 comitia
805 2585 1068 2659 ergodebereDavos
1077 2604 1132 2638 non
1140 2586 1232 2636 Dour.
1246 2584 1314 2636 Nam

253 2667 378 2738 eligendis
410 2669 562 2722 consulibus
588 2681 694 2739 postero
719 2667 763 2722 die
805 2679 975 2738 utrumqueu
985 2667 1129 2738 antiquitus
1138 2663 1316 2716 intervocales

253 2747 430 2813 haberentur,
443 2761 473 2801 ut
487 2746 521 2800 de
533 2748 574 2799 his
585 2749 664 2800 rebus
679 2749 707 2800 in
722 2767 762 2801 se·
805 2747 968 2800 censebatur.
987 2745 1027 2798 Ex
1045 2743 1137 2798 eadem
1156 2761 1231 2796 causa
1250 2761 1314 2814 pro·

253 2839 318 2878 natu
327 2827 368 2897 agi
380 2839 474 2898 posset.
483 2825 628 2892 Postridie,
638 2828 684 2898 qui
694 2825 762 2889 dies,
805 2825 941 2891 ficiscitur,
949 2823 1023 2896 quod
1030 2825 1075 2878 hic
1083 2823 1209 2895 scripsere
1218 2823 1313 2892 νώμα,

254 2918 284 2958 ut
298 2905 408 2976 legimus
423 2907 451 2958 in
466 2907 522 2959 Cat.
535 2924 562 2970 1,
583 2907 614 2972 3,
631 2907 681 2960 fuit
695 2905 762 2959 duo·
805 2925 860 2958 uon
873 2907 970 2975 vulgum
986 2903 1039 2957 Sed
1052 2904 1162 2975 legimus
1175 2921 1216 2974 ap.
1229 2901 1316 2967 Quin·

253 2982 372 3038 decimus
390 2997 450 3038 ante
468 2983 592 3039 kalendas
613 2987 763 3040 novembris
806 2985 1136 3054 tilianum1,4,illiusjam
1143 2982 1315 3053 temporibus,

253 3058 305 3126 (αι
325 3063 459 3130 octobr.),
471 3066 559 3118 omnia
574 3065 762 3138 conjurationis
805 3083 822 3115 v
832 3064 1000 3118 consonantis
1011 3063 1101 3118 officio
1107 3062 1195 3132 fungi,
1205 3073 1231 3113 et
1236 3051 1320 3113 scribi

253 3144 377 3209 consilia,
393 3145 525 3217 frequenti
546 3159 653 3212 senatu,
669 3145 762 3199 Cicero
805 3140 1317 3214 walgras,serorss,etaliasimilia.Antiqus

254 3223 389 3295 patefecit,
395 3225 497 3297 jussitq.
509 3225 648 3278 Catilinam
656 3243 764 3297 respon·
805 3225 897 3295 utique
909 3223 1038 3295 scriptura
1048 3223 1076 3276 in
1086 3221 1147 3276 Sall.
1159 3221 1297 3274 retinetur.

253 3300 325 3356 dere.
345 3303 385 3356 Eo
400 3303 444 3358 die
458 3305 556 3358 sactum
571 3319 609 3359 est
628 3304 763 3358 decretum
846 3307 873 3358 6.
889 3305 931 3356 Ea
943 3315 1087 3374 putenm...
1096 3319 1207 3354 murare
1215 3302 1316 3370 pemit-

252 3381 334 3448 mod,
351 3401 459 3437 nima
475 3403 600 3452 ornatas,
613 3399 676 3449 eto,
692 3404 763 3456 quo,
807 3387 872 3435 titur.
891 3383 942 3436 Hie
956 3383 1029 3436 locus
1044 3382 1111 3435 mire
1126 3382 1160 3434 ab
1179 3381 1315 3450 interpret.

252 3462 281 3514 in
296 3464 453 3533 gravisdmis
461 3465 613 3536 reipublicae
624 3465 763 3536 periculis,
805 3475 912 3516 vexatus
934 3461 1094 3516 censensus
1115 3473 1203 3512 tamen
1224 3471 1316 3528 patet:

251 3539 390 3596 dictatoria
406 3545 461 3596 lere
481 3557 595 3614 potestas
611 3544 763 3602 consulibus
805 3561 836 3595 ea
851 3555 890 3595 est
903 3542 1016 3595 maxima
1030 3553 1156 3613 potestas,
1170 3554 1230 3608 qua
1245 3533 1317 3608 apud

252 3622 461 3692 permittebatur.
472 3623 550 3675 Tunc
556 3621 663 3675 demum
674 3623 762 3675 habita
805 3623 938 3674 Romanos
952 3618 1114 3693 magistratui
1128 3635 1177 3688 per
1196 3628 1316 3668 senatum

252 3713 329 3766 aunt,
342 3714 448 3772 postero
469 3701 567 3754 scilicet
587 3700 647 3765 die,
659 3701 761 3755 octobr.
806 3702 981 3772 permittatur.
990 3702 1028 3754 Ea
1038 3715 1133 3768 nempe
1142 3707 1257 3768 potestas
1265 3709 1317 3761 est,

256 3800 301 3846 aa,
313 3780 419 3833 comitis
430 3777 526 3841 illa(v.
541 3799 597 3852 cap.
611 3779 718 3845 XXVI)
734 3782 762 3834 in
805 3787 931 3834 exereitum
941 3779 1246 3852 parare,hellssm.ge¹'m›
1259 3787 1305 3826 ‘'⁶-
1346 3830 1349 3840 ,

252 3861 349 3930 quibus
364 3860 491 3925 Catilina,
504 3859 582 3912 etiam
598 3873 656 3912 tum
671 3879 763 3914 eonsu-
846 3863 909 3916 Car.
926 3861 1013 3912 XXX.
1032 3879 1055 3912 1.
1072 3857 1139 3912 Ante
1153 3855 1215 3908 disan
1226 3866 1317 3907 saeua

251 3939 334 3992 latum
348 3952 438 4012 petere
453 3957 548 4005 ausus,
564 3939 684 3993 homines
699 3959 761 3993 con·
806 3941 919 3993 kalendas
933 3959 986 3992 nov.
1000 3937 1033 3992 Id
1047 3949 1087 3992 est
1102 3935 1146 3990 die
1158 3953 1231 3988 xxm
1244 3947 1318 3987 octo·

251 4020 351 4086 juratos
379 4039 440 4073 cum
464 4017 556 4091 gladiis
583 4021 611 4072 in
638 4037 762 4092 campum
805 4020 869 4073 bris.
882 4019 1041 4074 conferatur
1052 4017 1139 4088 prima
1151 4016 1207 4070 Cic.
1220 4016 1247 4066 iu
1259 4014 1316 4065 Cat.

253 4095 635 4162 deduxitTulliuavei-olorica
644 4097 762 4164 indutus,
809 4101 824 4152 3
839 4118 846 4151 ι
863 4125 874 4147 ι
885 4098 1063 4152 meministine
1077 4109 1127 4148 ete.
