2950 4646
573 410 867 480 incusans.
1040 375 1042 382 ’
1178 413 1252 487 205

184 543 277 614 illum
299 542 479 612 obtruncat
499 566 506 609 :
528 541 586 610 sed
606 541 677 636 ipse
697 540 943 636 deprehensus,
961 539 1074 613 multis
1093 545 1253 640 hortanti-
1296 557 1299 560 '

187 651 249 720 bus
266 665 301 720 et
317 652 352 720 in
370 649 484 744 primis
499 647 620 718 Albino
639 648 790 737 consule,
805 649 963 719 indicium
984 649 1188 745 profitetur⁹.
1202 657 1255 724 Fit

187 783 262 827 reus
286 758 392 853 magis
412 779 452 824 ex
476 781 570 850 aequo
590 754 789 850 bonoque¹⁰‚
811 781 910 851 quam
932 781 973 826 ex
990 758 1066 852 jure
1087 763 1253 854 gentium,

187 863 370 951 Bomilcar,
383 887 503 938 ,comes
521 863 609 956 ejus,
626 864 682 957 qui
700 865 843 932 Romam
866 863 933 932 lide
954 863 1089 959 publica
1107 883 1253 938 venerat.

187 973 230 1040 At
250 971 416 1066 iugurtha
436 970 630 1040 manifestus
658 971 742 1039 tanti
765 968 918 1060 sceleris,
940 997 1008 1040 non
1036 974 1127 1067 prius
1144 977 1257 1046 omisit

187 1093 303 1148 contra
321 1101 439 1146 verum
458 1079 534 1165 niti,
556 1101 655 1171 quam
677 1078 824 1146 animum
845 1077 1035 1165 advortit¹¹,
1060 1104 1160 1175 supra
1180 1105 1254 1177 gra-

186 1186 266 1253 tiam
293 1198 393 1278 atque
418 1185 595 1280 pecuniam
626 1208 720 1254 suam
750 1183 909 1254 invidiam
937 1185 1017 1256 facti
1043 1209 1121 1255 esse.
1148 1189 1256 1282 Igitur

187 1315 387 1386 quamquam
414 1292 449 1359 in
476 1293 587 1386 priore
614 1293 744 1360 actione
757 1289 781 1316 ¹²
802 1315 843 1360 ex
872 1293 987 1362 amicis
1016 1294 1255 1389 quinquaginta

186 1397 288 1468 vades
310 1397 468 1482 dederat3
492 1423 595 1493 regno
624 1399 756 1494 magis,
780 1421 880 1492 quam
898 1399 1038 1470 vadibus
1059 1399 1254 1491 consulens,

188 1502 272 1574 clam
290 1507 326 1574 in
346 1504 540 1576 Numidiam
557 1504 777 1575 Bomilcarem
798 1505 950 1595 dimittit,
965 1509 1104 1594 veritus,
1119 1532 1161 1576 ne
1180 1507 1254 1577 reli·

188 1636 269 1706 quos
295 1611 472 1707 populares
493 1627 601 1682 metus
630 1611 803 1682 invaderet
826 1613 965 1708 parendi
987 1615 1068 1702 sibi,
1087 1617 1114 1684 si
1132 1614 1174 1683 de
1198 1614 1254 1686 illo

190 1717 386 1813 supplicium
411 1734 581 1813 sumptum
602 1719 700 1789 foret:
713 1734 748 1788 et
762 1721 832 1815 ipse
853 1721 967 1814 paucis
987 1720 1103 1791 diebus
1124 1721 1253 1817 profec-

189 1838 239 1896 tus
257 1839 329 1914 est,
344 1826 455 1920 jussus
474 1825 516 1895 ab
538 1841 655 1896 senatu
677 1825 774 1894 Italia
797 1825 964 1896 decedere.
988 1828 1054 1897 Sed
1075 1843 1254 1924 postquam

227 2037 254 2088 9.
281 2018 400 2071 rnatum
417 2017 552 2091 profitetur.
578 2019 697 2072 Indicium
747 2017 890 2082 «Quamvis
898 2019 1044 2086 Bomilcar,
1057 2018 1255 2091 lideipublicrs,

187 2097 294 2168 profiteri
316 2111 420 2151 nonest
433 2099 510 2152 lateri
526 2118 553 2151 se
566 2097 698 2150 indicatu-
742 2115 794 2167 qua
810 2115 870 2148 cum
891 2097 1024 2168 Iugurtha
1038 2111 1160 2166 venerat,
1175 2099 1256 2153 viola·

189 2196 265 2244 rum,
286 2189 318 2230 ut
338 2176 447 2250 quidam
470 2179 698 2251 interpretantur3
743 2187 787 2227 tor
801 2177 932 2247 extemplo
946 2177 1136 2247 comprehendi
1147 2177 1255 2232 etdam·

190 2256 234 2310 sed
248 2258 337 2331 reipsa
351 2257 469 2312 indicare
480 2276 615 2312 suasorem
626 2257 700 2310 insti·
742 2255 801 2308 nari
813 2258 904 2326 sejam
913 2261 1021 2326 gentium
1030 2255 1152 2323 debmet3
1165 2271 1253 2312 tamen

188 2351 357 2410 prioremque
380 2338 512 2391 facinoris.
543 2339 607 2390 Tac.
627 2339 698 2389 Ana.
743 2335 884 2388 clementer
909 2349 935 2388 et
955 2357 985 2389 ee
1008 2357 1077 2408 «equo
1098 2337 1203 2410 bonoque
1225 2339 1253 2392 in

190 2435 234 2486 rr,
250 2417 285 2472 3:
302 2444 314 2465 ι
332 2418 470 2471 Summum
484 2418 644 2489 supplicium
656 2415 702 2468 de·
743 2431 804 2466 eum
819 2428 907 2468 actum
917 2428 964 2468 est.
973 2416 1060 2487 Igitur
1070 2415 1149 2472 vades
1162 2437 1253 2492 accep·

190 2499 363 2565 metatur,
387 2498 417 2551 ni
435 2499 557 2569 professus
588 2497 700 2550 indicium
744 2494 1254 2568 ti,libertasquereopermissa.»l{unc

190 2577 264 2631 foret.
286 2603 298 2625 ι
743 2593 861 2641 sensum,
875 2593 956 2647 quem
968 2577 1064 2630 clarius
1076 2579 1161 2630 multo
1174 2597 1254 2650 quam

232 2677 274 2712 ιο.
304 2657 389 2728 Magis
419 2673 455 2709 ea·
480 2677 548 2730 aequo
586 2657 700 2730 bonoque.
744 2654 794 2725 ipsi
803 2668 923 2708 auctores
932 2657 1191 2730 expressimus‚quis
1199 2678 1254 2712 non

190 2740 306 2810 AEquum
321 2739 475 2809 bonumque
494 2741 577 2789 stricto
586 2739 640 2806 juri
654 2757 702 2808 op·
744 2733 839 2788 falsum
855 2749 881 2788 et
893 2737 998 2810 longius
1009 2739 1123 2808 petitum
1138 2736 1227 2790 videti

189 2819 308 2890 ponitur.
335 2817 397 2870 Haec
423 2830 462 2870 est
482 2817 564 2888 igitur
585 2817 701 2870 Sallustii
788 2833 832 2869 rr.
856 2816 971 2870 Animum
993 2817 1105 2871 advortit.
1127 2817 1255 2873 Animad-

189 2915 262 2951 mens
278 2917 285 2952 :
302 2923 314 2944 ι
332 2898 459 2963 Quamvis
481 2915 514 2950 ex
533 2900 615 2949 stricto
637 2916 701 2968 gen-
743 2895 832 2950 vertit.
846 2928 887 2939 -
899 2897 1016 2950 Invidiam
1029 2898 1255 2966 sacti.Publica1n

189 2977 255 3031 tiam
264 2981 323 3048 jure
339 2977 481 3030 inviolatus
500 2996 555 3031 esse
579 2976 702 3030 debuerit
743 2973 966 3048 indignationem,
976 2979 1254 3034 talilactoexcitatam.

189 3077 276 3112 eomes
284 3059 408 3129 ejns‚qui
416 3059 527 3110 Romam
535 3055 587 3108 lide
593 3057 702 3129 publica
790 3074 834 3109 aa.
856 3057 886 3108 In
891 3061 970 3128 priori
982 3063 1081 3112 actione.
1093 3060 1185 3125 Quum
1198 3061 1255 3131 pri·

189 3151 312 3203 veneram
323 3149 426 3201 tamen,
439 3138 561 3209 equitate
570 3137 700 3202 naturali,
745 3154 819 3188 mum
831 3155 893 3190 rens
902 3135 935 3189 ad
944 3135 1083 3191 dicendam
1094 3157 1200 3192 causam
1210 3159 1256 3192 vo·

189 3229 282 3290 utpote
299 3217 366 3270 tanti
381 3217 484 3270 sceleris
500 3229 607 3282 auctor,
628 3235 702 3270 accu-
745 3229 818 3270 catus
831 3217 1018 3287 est-Regno
1031 3222 1108 3288 magis
1123 3239 1194 3291 quam
1208 3239 1255 3270 oa·

190 3311 261 3351 satus
276 3311 330 3369 est.¹
346 3323 357 3344 ι
375 3297 410 3350 Et
425 3295 534 3369 quidem
548 3313 591 3349 res
606 3309 645 3349 est
660 3315 702 3349 sa·
746 3295 817 3347 didus
832 3297 962 3348 consulens.
979 3297 1063 3368 Magis
1079 3297 1154 3350 adid
1169 3299 1256 3350 inten-

189 3395 234 3430 αι
254 3381 303 3450 jus,
318 3378 444 3448 gentium.
467 3375 519 3430 Sed
539 3395 572 3429 eo
587 3377 655 3429 male
675 3395 702 3430 se
745 3389 805 3440 tus,
820 3393 854 3427 ne
871 3371 937 3448 quid
957 3373 1056 3428 desua
1077 3377 1105 3429 in
1126 3376 1255 3432 Numidas

191 3467 297 3524 metor,
312 3457 360 3529 qui
375 3457 483 3510 violavit
498 3457 580 3529 prior.
596 3455 652 3509 Nec
662 3459 703 3526 jn·
745 3453 863 3527 potentia
896 3454 1081 3520 minueretur,
1112 3475 1192 3527 quam
1222 3476 1256 3510 ns

189 3537 227 3590 ris
248 3541 369 3610 gentium
391 3549 445 3602 est,
471 3535 602 3608 quidlibet
631 3533 702 3606 apud
745 3535 843 3587 mulcta
858 3531 1048 3588 damnarentur
1060 3533 1255 3600 vades,absen·

189 3629 312 3671 externos
324 3617 433 3689 impune
446 3617 538 3670 facere.
551 3617 616 3669 lure
626 3633 702 3686 ergo,
747 3627 772 3668 te
785 3614 939 3667 Bomilcare.
956 3615 999 3667 Sic
1011 3616 1202 3688 quinquaginta
1218 3617 1256 3670 in-

188 3697 213 3750 si
224 3717 319 3751 verum
333 3698 377 3750 vel
392 3695 562 3750 dissentiente
579 3693 703 3748 Sallustio
746 3707 887 3760 nocentes,
902 3712 999 3766 eosque
1010 3695 1060 3749 sibi
1080 3696 1192 3762 amicos,
1209 3695 1256 3750 de·

189 3775 364 3836 diaeretica,
376 3777 616 3850 nonminusquam
627 3793 703 3847 aquo
746 3775 824 3841 serit,
840 3787 871 3827 ut
883 3793 968 3828 unum
983 3787 1121 3829 nocentem
1138 3776 1257 3848 periculo

188 3869 217 3911 et
240 3860 336 3924 Βοηο,
360 3859 389 3910 in
409 3855 538 3928 judicium
559 3855 704 3912 vocabatur
747 3853 1259 3930 eripiat.Sedmulturnintereratiugur-

189 3939 331 3992 Bomilcar.
350 3938 474 3991 Ceterum
490 3937 533 3990 lric
547 3938 621 3990 locus
636 3937 703 3988 mire
748 3935 817 4002 tha,
833 3949 875 4001 ut,
897 3953 1069 4009 quaecumque
1088 3935 1183 3990 scelera
1201 3939 1256 4010 jus-

190 4020 268 4072 torsit
283 4017 415 4092 quosdam
428 4018 593 4089 interpretes.
605 4015 704 4090 SiGla·
748 4015 837 4081 sisset,
854 4016 885 4068 iis
901 4017 1044 4088 impunitas
1058 4017 1086 4069 in
1099 4030 1256 4089 perpetuum

187 4117 270 4154 reano
278 4111 305 4152 et
314 4099 374 4175 Bip.
384 4096 703 4166 credamus‚sensuserit:
749 4110 824 4167 parta
833 4094 992 4150 crederetur.
