2910 4666
198 344 271 416 328
451 349 488 416 C.
518 345 692 415 CRISPI
720 345 996 415 SALLUSTII

197 469 412 558 adhibentur;
428 485 587 565 praeterea
604 470 719 539 Dabar
734 455 987 557 internuncius³,
1005 484 1135 538 sanctus
1151 471 1205 536 vir
1223 483 1257 536 et

196 601 237 646 ex
259 578 419 646 sententia
435 576 596 646 ambobus
615 602 622 644 :
641 601 679 646 ac
701 579 810 645 statim
828 579 874 646 sic
891 601 948 646 rex
966 577 1103 671 incipit:

251 685 322 752 CX.
334 684 546 777 «Numquam
559 707 621 778 ego
633 697 722 752 ratus
732 707 803 752 sum
815 683 957 770 sore,uti
969 707 1026 751 rex
1037 705 1212 750 maxumus
1222 681 1257 748 in

198 788 261 857 hac
274 787 388 876 terra¹,
405 803 438 857 et
449 791 616 876 omnium,
630 814 712 883 quos
727 791 821 876 novi,
833 791 963 885 privato
977 789 1102 858 homini
1115 789 1256 883 gratiam

198 894 361 964 deberem.
375 897 435 984 Et,
446 893 572 982 hercle,
586 893 675 964 Sulla
686 949 696 983 ,
706 910 784 964 ante
794 909 827 964 te
838 897 1022 990 cognitum,
1031 893 1141 964 multis
1152 917 1258 963 oran·

198 1001 303 1087 tibus,
328 1000 397 1099 aliis
420 1001 509 1071 ultro
533 1017 664 1098 egomet
685 1027 783 1097 opem
804 1001 881 1086 tuli,
906 1001 1027 1070 nullius
1050 1001 1186 1094 indigui.
1219 997 1260 1067 Id

199 1105 439 1195 imminutum²,
456 1109 545 1203 quod
561 1111 662 1178 ceteri
676 1107 787 1177 dolere
806 1107 928 1195 solent,
944 1131 1006 1202 ego
1026 1106 1140 1178 laetor:
1159 1106 1261 1176 fuerit

199 1215 280 1284 mihi
301 1217 462 1310 pretium,
481 1217 608 1310 eguisse
629 1214 804 1308 aliquando
825 1216 975 1283 amicitiae
994 1228 1155 1307 tuae,qua
1169 1210 1260 1308 apud

199 1323 345 1390 animum
361 1345 472 1390 meum
490 1321 574 1417 nihil
589 1323 696 1390 carius
714 1321 830 1389 habeo.
845 1320 884 1388 ld
899 1319 981 1388 adeo
995 1321 1135 1414 experiri
1153 1304 1259 1388 licet³:

198 1451 306 1514 arma,
324 1430 428 1515 viros,
446 1429 636 1522 pecuniam,
649 1442 817 1522 postremo
835 1426 993 1520 quidquid
1016 1428 1127 1494 animo
1149 1424 1260 1512 lubet,

200 1558 309 1620 sume,
329 1547 445 1602 utere:
464 1547 516 1620 et,
536 1533 647 1626 quoad
666 1535 777 1619 vives,
799 1555 978 1626 numquam
1000 1532 1162 1600 redditam
1182 1556 1261 1627 gra·

200 1642 278 1706 tiam
302 1641 484 1734 putaveris3
509 1663 640 1733 semper
661 1639 748 1734 apud
771 1663 824 1706 me
845 1641 973 1734 integra
1004 1641 1067 1707 erit
1089 1663 1096 1705 :
1119 1637 1262 1732 denique

201 1742 296 1832 nihil,
323 1769 377 1814 me
399 1748 540 1835 sciente,
567 1744 688 1816 frustra
708 1745 806 1814 voles.
836 1747 943 1833 Nam,
962 1760 1000 1814 ut
1019 1769 1081 1839 ego
1101 1761 1263 1828 aestumo‚

244 1927 270 1981 3.
291 1928 465 1980 Intermmeius.
482 1927 525 1982 sic
538 1926 650 1992 dicitur,
661 1929 708 2001 qui
753 1928 896 1982 necessaria
911 1940 958 1980 est.
972 1927 1076 1980 Sufficit
1096 1946 1194 2000 nempe
1210 1947 1262 1979 ma·

202 2007 273 2060 inter
291 2007 354 2060 alios
374 2006 476 2061 medius
497 2022 535 2061 est
555 2006 588 2061 ad
608 2006 709 2080 aliquid
753 2020 889 2070 suasmet
902 2007 1087 2060 Sallustianum
1103 2021 1157 2070 est,
1174 2020 1205 2060 ut
1220 2025 1264 2061 so·

201 2086 375 2140 tractandum.
397 2088 499 2160 Nempe
513 2088 565 2141 hoc
584 2088 612 2141 in
628 2089 709 2142 collo·
753 2107 787 2159 pe
801 2089 963 2152 notavimus,
974 2099 1132 2140 structuram
1142 2089 1264 2141 mutare:

204 2168 267 2238 quio
274 2171 437 2238 ,interpretum
447 2181 515 2234 erat,
522 2169 597 2221 alteri
604 2169 711 2222 alterius
754 2187 877 2220 marmus
887 2172 911 2218 in
920 2168 965 2218 liae
975 2179 1050 2229 term,
1059 2161 1100 2231 et[
1107 2161 1263 2233 maxumus]

148 2281 153 2291 ·
202 2248 285 2300 verba
299 2248 483 2319 interpretari,
496 2251 637 2301 internuncii
648 2268 711 2302 vero
754 2251 856 2300 omnium
868 2267 925 2320 quos
938 2249 1000 2300 nori.
1013 2247 1070 2299 Hoc
1085 2247 1209 2301 ultimum
1220 2245 1264 2300 ad·

204 2328 283 2380 etiam
300 2326 334 2380 de
351 2325 548 2381 conditionibus
570 2347 654 2398 agere.
671 2360 712 2371 --
755 2325 1265 2399 dit‚quiaparumeratdixissesernaxi·

206 2408 250 2460 Er
264 2411 380 2459 sententia
395 2408 515 2460 ambobus,
535 2408 588 2472 Qui
606 2408 712 2462 Boccho
754 2425 828 2460 mum
836 2407 930 2459 Africae
939 2407 1194 2477 regemEasemper
1202 2407 1264 2474 luit,

205 2499 231 2538 et
241 2485 319 2558 Syllae
328 2506 402 2559 aque
411 2501 532 2559 aceeptus
541 2499 606 2540 erat.
612 2485 713 2540 Eadem
755 2499 846 2558 estque
859 2487 937 2539 etiam
951 2486 1062 2539 nuncin
1077 2487 1133 2538 istis
1148 2487 1264 2559 regioni·

205 2567 260 2618 fere
269 2565 391 2636 loquutio
401 2586 459 2638 sup.
470 2567 560 2618 XLIII
568 2584 575 2618 :
583 2587 613 2619 ee
622 2581 713 2619 senten·
755 2567 805 2619 bus
818 2566 969 2636 regulorum
977 2565 1109 2637 jactantia.
1119 2597 1160 2608 -
1177 2567 1265 2620 Multis

207 2649 241 2696 tia
254 2646 361 2697 omnihus
373 2646 442 2698 rebus
453 2650 548 2717 pumtis
566 2651 712 2718 compositu·
756 2645 886 2698 orantibus.
902 2643 976 2698 Vide
991 2665 1048 2717 sup.
1065 2645 1174 2709 XCVI,
1192 2666 1220 2700 n.
1240 2664 1264 2698 r.

206 2745 259 2796 que.
274 2725 353 2778 conf.
372 2725 429 2779 Cio.
448 2723 482 2777 de
501 2724 576 2778 Orat.
598 2744 645 2790 11,
658 2729 713 2790 64,
799 2745 824 2777 2.
846 2725 879 2777 Id
889 2728 1042 2778 imminutum.
1058 2725 1117 2796 Bip.
1134 2735 1161 2777 et
1175 2739 1266 2779 noster

206 2817 233 2857 et
258 2803 326 2856 Gell.
349 2821 401 2868 rr,
425 2823 469 2858 ιο.
493 2804 582 2875 Vulgo
599 2806 713 2876 legitur,
757 2807 794 2869 A,
815 2808 970 2859 immutatum.
988 2805 1076 2858 Ceteri
1095 2807 1266 2870 imminutum,

207 2903 238 2936 ex
246 2887 362 2935 sententia
373 2886 445 2956 jurat
453 2883 573 2936 ambobus.
587 2884 639 2938 Sed
647 2887 714 2939 Cor·
757 2882 830 2956 quod
840 2883 934 2936 melius
945 2896 997 2951 est,
1008 2886 1070 2956 quia
1081 2897 1155 2937 notat
1164 2883 1266 2958 aliquid

209 2964 276 3026 tius,
291 2963 392 3034 aliquot
404 2962 479 3016 MSS.
496 2966 716 3028 auctoritate,e1·
758 2961 1200 3018 commodidetractum.-Fuerit
1209 2965 1267 3016 mili

208 3042 288 3096 trusit
296 3045 382 3112 joint,
404 3041 498 3115 quod,
515 3055 608 3096 natum
629 3063 661 3097 ex
676 3049 717 3096 uir
755 3043 1092 3116 pretiumoperaepretium
1101 3043 1181 3097 fuerit
1190 3043 1267 3107 milri,

92 3182 100 3198 ·
209 3135 244 3188 et,
253 3123 376 3176 elfeoerat
387 3124 476 3195 primo
480 3125 552 3192 jurat
561 3145 590 3176 ea
601 3128 717 3176 sententia
758 3124 800 3177 vel
816 3124 921 3195 potius,
933 3143 969 3176 res
978 3127 1095 3195 pretiosa,
1110 3143 1146 3174 m
1158 3129 1184 3176 in
1200 3125 1266 3177 bonu

209 3202 335 3262 ambobus,
348 3200 445 3257 deinde
461 3204 615 3257 translatum
632 3205 717 3257 fuerat
760 3203 906 3256 mcmmnda
915 3207 994 3271 suerit
1003 3205 1067 3266 milii,
1078 3215 1128 3256 eto.
1142 3205 1266 3257 Ceterum

210 3295 270 3354 post
291 3287 416 3337 sententia.
436 3281 571 3337 Addemus
596 3297 717 3337 nostrum
761 3283 867 3338 Curtius
882 3281 953 3336 delet
963 3282 1163 3354 pretium‚quod
1177 3285 1266 3337 abesse

210 3363 233 3416 C
249 3381 303 3414 non
319 3363 417 3416 habere
432 3361 577 3416 absurdum
592 3363 658 3417 illud
673 3367 717 3435 ju·
761 3361 987 3434 aituquibusdam
998 3361 1083 3428 MSS,
1097 3374 1124 3414 et
1136 3363 1265 3434 exponit:

211 3455 267 3504 rut,
280 3455 307 3495 et
321 3444 345 3495 D
359 3443 456 3496 habere
473 3455 576 3496 tantum
591 3463 670 3516 supra
686 3445 718 3496 li·
764 3469 776 3492 ι
790 3445 869 3511 suerit
887 3443 956 3502 mili,
981 3440 1106 3495 acciderit
1129 3441 1218 3509 mihi,
1237 3453 1267 3493 ut

210 3541 306 3587 neam,
320 3535 347 3575 et
361 3523 441 3576 altera
454 3541 542 3576 manu.
579 3521 581 3526 ’
762 3523 878 3593 eguerim
891 3520 1033 3592 aliquando
1049 3521 1171 3574 amicitias
1184 3536 1243 3575 tum.
1252 3547 1263 3566 ·

252 3603 316 3655 Cir.
342 3602 399 3655 CX.
425 3621 448 3655 r.
473 3603 502 3655 In
525 3603 571 3654 tae
592 3615 663 3656 terra
685 3603 717 3655 In
762 3601 1269 3672 Sedmale.Namsueritpretium,ejus·

211 3681 309 3734 Africa.
334 3713 375 3723 -
401 3683 439 3733 m
455 3685 557 3732 omnium
579 3701 635 3754 quos
655 3687 717 3734 nori.
762 3680 1080 3754 demgenerisest,quam
1089 3682 1116 3734 in
1126 3681 1189 3746 Tae,
1199 3683 1267 3733 Ano.

213 3761 302 3832 Vulgo
313 3758 415 3814 addunt
426 3761 634 3832 opulentissumus,
646 3759 718 3831 quod
763 3781 791 3830 r,
804 3762 858 3831 57:
883 3787 893 3809 ι
915 3761 1075 3815 Germanico
1089 3765 1191 3832 pretium
1201 3763 1265 3828 fuit,

213 3837 283 3892 delet
302 3841 424 3905 Cortius,
442 3859 491 3893 neo
511 3840 538 3892 in
556 3841 611 3892 ullo
633 3857 718 3911 neque
762 3853 917 3895 convertere
929 3859 1030 3912 agmen.
1047 3867 1059 3888 ι

212 3932 384 3988 nostrorum,
403 3939 488 3992 neque
510 3921 623 3973 aliorum
643 3919 717 3972 MSS.
804 3921 830 3973 3.
854 3921 936 3977 ra...
961 3925 1064 3991 experiri
1083 3921 1145 3976 licet.
1166 3921 1266 3988 Nempe

214 4013 354 4072 comparet.
387 3999 450 4053 Hoc
476 4019 527 4054 vox
543 4018 719 4072 ¹nequaqnam
762 4001 928 4056 nihiloarim
943 3998 1264 4058 essemiliituaamiciria.
