2950 4646
517 413 878 523 ARGUMENTA.
1159 415 1229 512 137

170 547 239 612 XL.
262 544 326 610 Lex
342 543 499 626 Mamilia,
515 561 553 609 ut
566 545 601 608 in
619 545 759 610 fautores
777 544 945 635 Iugurthae
963 563 1136 634 quaeratur.
1153 548 1232 614 Tres

279 652 465 741 quoesitores
479 667 646 735 creantur,
658 652 744 716 inter
759 674 842 741 quos
854 652 940 717 idem
954 653 1006 722 ille
1020 654 1066 720 M.
1078 655 1232 738 Scaurus,
1351 697 1354 707 ·

278 759 334 846 qui
352 757 605 847 legatusliestiae
620 758 734 823 munt.

170 863 253 928 XLI.
277 864 440 954 Digressio
458 863 695 929 defectionum
721 864 871 954 origine,
890 885 986 930 causa
1004 882 1036 930 et
1054 865 1233 932 effectibus.

278 972 358 1036 Post
374 970 602 1061 Carthaginem
619 971 774 1054 deletam,
792 973 860 1035 otio
879 989 911 1036 et
926 973 1125 1039 abundantia
1143 973 1233 1062 plebs

276 1079 311 1142 in
336 1077 516 1161 licentiam,
536 1078 686 1142 nobilitas
708 1078 743 1140 in
761 1077 1017 1143 dominationem
1040 1079 1234 1145 abutuntur.

277 1183 448 1248 Potentior
465 1181 626 1249 nobilitas.
651 1183 757 1248 Plebis
773 1180 882 1273 inopia
900 1201 933 1248 et
951 1185 1066 1249 misera
1085 1187 1233 1250 servitus.

166 1287 269 1354 XLII.
279 1289 433 1356 Vindices
444 1290 598 1355 libertatis
611 1290 748 1356 Gracchi
763 1292 849 1356 ferro
865 1306 1032 1355 necantur.
1045 1291 1126 1355 Inde
1138 1291 1234 1356 nobi·

276 1397 348 1462 litas
367 1399 477 1463 saevire
502 1400 603 1489 magis
625 1422 663 1464 ac
689 1398 811 1489 magis3
829 1421 901 1486 qum
928 1419 979 1463 res
1008 1397 1042 1461 in
1065 1415 1234 1487 posterum

279 1502 386 1569 studia
404 1505 546 1592 partium
564 1503 712 1569 accendit
729 1505 855 1593 potius,
875 1525 972 1592 quam
986 1504 1144 1568 restinxit.

171 1607 288 1673 XLIII.
304 1609 440 1675 Crestus
457 1609 572 1675 consul
584 1611 625 1692 Q.
638 1609 804 1693 Metellus,
814 1611 865 1674 vir
876 1631 948 1673 acer
959 1626 991 1674 et
1001 1608 1119 1674 divitiis
1130 1609 1234 1673 invic-

181 1751 184 1758 ·
278 1717 1234 1807 tus,paratonoroerercitu,magnaspetiviuminNumi·

277 1821 364 1888 diam
382 1823 606 1914 proficiscitur.
702 1842 705 1850 ’

24 1994 30 2013 ,
168 1927 281 1993 XLIV.
305 1929 355 1994 Ibi
374 1931 434 2024 ¹Sp.
454 1931 561 1997 Albini
584 1933 761 1997 exercitum
779 1933 910 2021 accipit,
929 1933 1082 1997 omnibus
1100 1931 1234 2021 ignavie

276 2035 482 2125 luxuriaque
500 2037 629 2125 probris
649 2038 876 2124 inquinatum3
902 2061 1022 2125 quem,
1044 2039 1233 2126 priusquam

276 2140 399 2206 bellum
416 2145 569 2234 attingat,
586 2143 754 2233 disciplina
772 2165 919 2208 coercere
937 2145 1089 2210 instituit.

167 2244 264 2310 XLV.
283 2248 403 2313 Metelli
419 2249 600 2341 diligentia,
620 2249 824 2339 prohibendo
837 2273 856 2313 a
869 2249 993 2314 delictis
1011 2249 1111 2338 magis
1134 2271 1233 2336 quam

276 2353 489 2434 vindicando,
509 2357 686 2421 exercitum
703 2355 883 2422 confirmat.

169 2455 281 2532 XLVI.
294 2459 392 2524 Fama
403 2461 463 2524 viri
475 2463 606 2526 territus
617 2461 778 2552 Iugurtha
793 2471 901 2524 vetum
913 2475 984 2523 tum
996 2423 1234 2523 demnrn⁰dedi·

278 2564 401 2630 tionem
420 2567 524 2632 facere
539 2583 687 2633 conatur.
705 2559 806 2647 Cuju's
823 2566 988 2655 promissis
1000 2563 1150 2630 diffidens
1162 2565 1234 2629 Me·

277 2669 372 2734 tellus
383 2671 493 2761 legatis
507 2673 741 2762 persuadet,ut
752 2695 827 2736 eum
842 2672 954 2736 vivum
965 2688 1156 2735 necatumve
1172 2671 1234 2734 sibi

276 2775 416 2841 tradant.
437 2778 509 2867 Ipse
531 2780 651 2844 infesto
673 2779 815 2843 exercitu
834 2777 1022 2844 Numidiam
1041 2777 1232 2868 ingreditur.

278 2882 317 2946 C.
336 2881 457 2947 Marius
477 2885 657 2972 equitatum
677 2885 777 2950 ducit.

171 2984 299 3050 XLVII.
318 2985 483 3070 Metellus,
500 2991 653 3078 imposito
671 2990 746 3054 urbi
761 2990 873 3054 Vaccae
891 2989 1057 3079 praesidio,
1074 3011 1176 3053 novos
1191 2989 1233 3052 ab

276 3114 351 3182 rege
373 3093 510 3184 legatos,
529 3111 567 3160 ut
583 3098 722 3184 priores,
739 3096 780 3162 ad
798 3095 1017 3184 proditionem
1035 3095 1135 3160 illicit.
1154 3095 1234 3185 Regi

277 3219 388 3286 pacem
408 3221 514 3288 neque
532 3201 663 3279 abnuit,
683 3225 790 3290 neque
808 3203 987 3290 pollicetur.

169 3301 315 3367 XLVIII.
332 3304 510 3394 Iugurtha,
524 3306 582 3370 ubi
595 3328 629 3370 se
640 3306 707 3370 suis
717 3307 841 3370 artibus
856 3307 973 3370 tentari
989 3304 1232 3382 animadvertit,

278 3411 391 3477 statuit
415 3412 512 3477 armis
531 3429 662 3477 certare.
687 3411 766 3476 Ideo
783 3433 957 3474 romanum
981 3413 1157 3475 exercitum
1176 3434 1234 3500 per

277 3519 421 3584 occultos
439 3519 582 3586 tramites
600 3519 780 3601 antevenit3
799 3535 832 3582 et
847 3539 914 3582 non
933 3517 1081 3607 procula
1099 3515 1234 3582 flumine

280 3622 430 3707 Muthul,
443 3641 518 3714 post
526 3642 689 3702 montem,
704 3625 738 3686 in
746 3625 827 3688 colle
837 3624 947 3689 minus
960 3621 1065 3707 edito,
1075 3623 1232 3688 considet.

167 3727 284 3793 XLIX.
297 3730 434 3819 Ignarus
444 3729 637 3796 insidiamur
647 3730 813 3814 Metellus,
826 3731 1017 3821 conspectis,
1028 3729 1108 3796 dum
1121 3745 1232 3800 monte

277 3835 486 3926 degreditur,
504 3839 677 3922 hostibus,
696 3839 820 3921 aciem,
839 3855 878 3905 ut
903 3857 1032 3929 tempus
1054 3837 1231 3927 poscebat,

276 3943 409 4010 instruit
426 3962 459 4010 et
476 3946 511 4010 in
531 3947 665 4036 pianum
683 3946 825 4013 deducit.

165 4045 200 4112 L.
224 4049 366 4116 Rutilius
389 4053 513 4142 legatus
531 4075 607 4118 cum
632 4052 788 4143 expeditis
806 4051 847 4118 ad
865 4051 987 4116 flumen
1005 4052 1231 4141 premittitur,
1283 4057 1290 4060 “

276 4154 386 4226 lacurn
419 4157 531 4226 ensnis
563 4173 806 4250 insecuturus.
842 4157 991 4228 Metellus
1022 4179 1099 4226 cum
1127 4157 1231 4228 Mario
