2938 4654
503 387 793 458 JUGURTIIA.
1128 383 1201 460 255

137 519 288 605 incitati,
316 519 389 615 quis
416 533 490 588 aeta
522 513 764 613 consilitimque
791 517 1020 612 ignorantibus
1047 519 1206 592 tumultus

138 627 206 722 ipse
224 642 259 697 et
280 652 332 696 res
350 650 445 696 novae
465 628 542 696 satis
564 626 749 722 placebant.

192 737 332 806 LXVII.
362 735 504 802 Romani
526 733 663 820 milites,
681 733 862 827 improviso
881 745 993 821 metu,
1012 733 1130 803 incerti
1154 734 1207 829 ig-

140 841 274 934 narique
302 840 383 935 quid
408 841 627 935 potissumum
655 839 819 927 facerent,
836 839 1002 934 trepidare
1031 839 1075 908 ad
1097 865 1208 910 arcem

141 947 275 1041 oppidi,
299 947 357 1016 ubi
387 948 480 1041 signa
501 961 536 1014 et
559 960 652 1016 scuta
675 960 800 1015 erant:
827 945 1015 1039 presidium
1040 945 1208 1037 hostium,

141 1067 244 1147 portae
266 1069 343 1122 ante
365 1051 483 1122 clausae
505 1053 619 1148 fugam
638 1052 886 1148 prohibebant:
910 1052 953 1121 ad
971 1053 1036 1122 hoo
1054 1052 1209 1126 mulieres

141 1160 300 1254 puerique
318 1185 382 1255 pro
403 1161 498 1228 tectis
520 1158 754 1230 aedificioru1n¹
771 1183 849 1228 saxa
867 1172 901 1230 et
920 1157 1004 1248 alia,
1026 1185 1099 1254 quae
1118 1158 1210 1230 locus

143 1265 328 1359 praebebat,
348 1268 498 1335 certatim
519 1268 658 1336 mittere.
672 1269 724 1334 Ita
739 1291 846 1361 neque
867 1268 977 1336 caveri
995 1291 1117 1362 auceps
1134 1291 1209 1336 ma-

142 1369 222 1460 lum,
231 1397 339 1467 neque
353 1371 580 1442 aiortissumis
594 1371 830 1443 infirmissumo
846 1373 959 1467 generi
972 1375 1079 1442 resisti
1092 1399 1210 1469 posse:

140 1477 234 1570 juxta
253 1479 332 1548 boni
350 1477 524 1573 malique²,
536 1481 662 1550 strenui
679 1495 712 1548 et
729 1478 876 1549 imbelles
897 1478 991 1548 inulti
1011 1480 1210 1552 obtruncati.

143 1587 183 1652 ln
202 1609 242 1654 ea
261 1600 354 1656 tanta
372 1589 562 1680 asperitate,
577 1587 773 1656 saevissumis
795 1585 949 1656 Numidis
964 1601 999 1656 et
1011 1587 1136 1683 oppido
1154 1613 1212 1656 un*

144 1688 243 1785 dique
265 1692 397 1782 clauso,
418 1691 584 1788 Turpilius
605 1719 692 1762 unus
716 1719 756 1762 ex
778 1692 932 1763 omnibus
952 1692 1074 1764 Italicis
1096 1695 1211 1790 profu-

146 1800 192 1891 git
213 1799 379 1870 intactus:
402 1799 435 1869 id
457 1800 725 1870 misericordiane
747 1799 903 1895 hospitis,
919 1825 963 1870 an
981 1803 1151 1896 pactione,
1169 1827 1214 1870 an

146 1928 224 1974 casu
242 1909 287 1976 ita
308 1908 470 1995 evenerit,
496 1933 615 2002 parum
642 1908 886 2002 comperirnus3
916 1909 997 1995 nisi,
1017 1909 1095 2001 quia
1113 1907 1158 1978 illi
1179 1911 1214 1977 in

146 2023 238 2082 tanto
256 2012 344 2082 malo
364 2015 469 2108 turpis
490 2018 560 2083 vita
579 2015 666 2084 fama
688 2016 817 2109 integra
835 2015 963 2108 potior,
980 2015 1151 2108 improbus
1170 2016 1215 2084 in·

145 2119 366 2214 testabilisque
388 2106 549 2189 videtur³.

199 2229 358 2297 LXVIII.
387 2225 560 2314 Metellus,
584 2241 759 2322 postquam
789 2227 830 2294 de
862 2226 960 2295 rebus
985 2229 1106 2296 Vaccae
1122 2229 1214 2296 actis

149 2335 334 2428 comperit,
353 2333 532 2429 paullisper
550 2348 686 2403 moestus
709 2359 727 2402 e
749 2331 945 2428 conspectu¹
970 2332 1057 2420 abit;
1079 2332 1216 2420 deinde,

150 2439 207 2508 ubi
228 2441 278 2508 ira
298 2455 332 2508 et
352 2440 512 2534 aegritudo
533 2442 714 2535 permixta,
734 2465 810 2509 cum
831 2462 986 2506 maxuma
1007 2463 1088 2507 cura
1108 2437 1215 2507 ultum

150 2547 196 2613 ire
217 2546 354 2639 injurias
373 2546 514 2615 festinat.
538 2549 736 2642 Legionem,
761 2570 837 2614 cum
865 2569 930 2638 qua
955 2545 1143 2633 hiemabat,
1168 2561 1216 2636 et,

151 2676 248 2746 quam
274 2651 434 2748 plurimos
458 2667 592 2746 potest,
616 2652 779 2723 Numidas
805 2649 953 2746 equites²
981 2655 1104 2746 pariter
1138 2677 1216 2722 curn

151 2783 271 2828 occasu
291 2757 369 2830 solis
387 2758 556 2854 expeditos
575 2757 707 2829 educit:
728 2773 762 2828 et
783 2773 916 2854 postera
934 2757 986 2826 die
1008 2760 1138 2828 circiter
1156 2759 1217 2830 ho·

150 2889 220 2934 ram
242 2851 391 2935 tertiam³
404 2867 556 2960 pervenit
568 2868 601 2933 in
615 2865 792 2959 quamdam
811 2863 996 2960 planitiem,
1007 2863 1087 2934 locis
1105 2865 1217 2960 paullo

190 3039 257 3094 cn.
273 3039 386 3091 LXVII.
404 3057 427 3091 1.
441 3040 492 3090 Pro
507 3041 573 3090 tectis
584 3037 661 3108 oedr'fi-
706 3037 835 3110 prompti,
843 3050 870 3090 et
877 3037 1005 3108 quibcllis
1011 3038 1216 3094 iubabilessunt.

152 3123 250 3172 ciorum·
262 3119 305 3171 stc
313 3131 388 3190 cepta
396 3119 470 3191 Tyro
478 3114 530 3190 (ap.
538 3120 613 3172 Curt.
624 3137 660 3176 rr,
748 3119 774 3170 3.
792 3119 888 3170 Nat...
899 3120 1017 3188 rtaprobus
1030 3107 1221 3194 'imarabtttsque
1236 3173 1241 3181 ,

154 3197 192 3263 4)
207 3219 215 3251 :
233 3226 244 3247 ι
255 3200 351 3270 Magna
371 3217 431 3270 pars
446 3217 536 3251 summ«
551 3211 663 3250 rectoriam
705 3199 810 3250 uidetur.
821 3197 854 3249 ld
863 3209 967 3250 tautum
978 3199 1074 3251 scimus
1083 3199 1158 3251 illum
1167 3201 1218 3252 im·

152 3277 664 3350 obtinebat,saxaetquidquidmanibus
705 3279 822 3349 probum
834 3278 1062 3348 intestabilemque
1075 3276 1217 3332 videri.-

151 3361 206 3414 lors
224 3357 346 3424 dederat,
363 3359 511 3430 ingerentes
526 3359 664 3412 subeunti·
707 3357 853 3412 Iatestabr'lr's
862 3355 971 3428 proprie
986 3369 1037 3422 est,
1049 3359 1096 3428 qui
1109 3375 1159 3410 neo
1170 3369 1219 3411 tes·

152 3440 211 3493 bns.
223 3466 235 3486 ι
254 3439 322 3491 Item
338 3439 462 3511 Thucyd.
476 3457 513 3504 rr,
533 3445 566 3503 4,
585 3439 665 3491 simili
707 3438 848 3491 timonium
857 3435 960 3499 dicere,
973 3453 1022 3488 neo
1034 3447 1219 3490 testamentum

153 3521 207 3573 lere
214 3517 297 3572 modo
303 3537 442 3590 oppressos
453 3521 481 3572 in
493 3521 560 3572 urhe
571 3519 665 3573 Platea
707 3519 807 3582 lacere,
820 3533 869 3568 nec
878 3527 1034 3568 testamento
1045 3516 1144 3588 aliquid
1157 3535 1219 3570 con·

152 3601 295 3653 Thebanos
313 3612 411 3651 narrat.
431 3631 472 3642 -
496 3599 665 3669 infirmissumo
708 3599 782 3670 sequi
795 3607 889 3670 potest.
906 3596 976 3648 Hinc
989 3596 1219 3667 prohominene·

149 3684 242 3750 gauri.
255 3679 415 3732 Melioribus
427 3692 454 3731 et
467 3679 565 3752 pueris.
667 3731 671 3736 ,
707 3695 787 3751 quam
801 3689 828 3728 et
845 3674 1005 3730 exsecrando
1019 3677 1139 3748 ponitur.

196 3779 222 3813 π.
238 3761 316 3812 Juxta
331 3760 387 3811 boni
400 3762 510 3832 malique.
525 3760 617 3814 Graece
627 3757 667 3810 di·
748 3760 813 3812 Car.
836 3757 962 3811 LXVIII.
987 3775 1011 3809 1.
1037 3758 1064 3810 E
1086 3767 1219 3828 conspectu.

156 3858 241 3906 ceres,
254 3841 343 3911 ἀγαθοί
358 3859 384 3892 τι
404 3840 445 3893 καὶ
463 3841 542 3893 κακοί.
556 3842 580 3892 li
594 3839 666 3910 pari·
709 3837 811 3910 Nempe
821 3837 935 3889 militum
951 3855 1070 3890 suorum.
1154 3830 1157 3836 ’

158 3933 198 3973 ter
218 3921 312 3992 etqui
333 3922 401 3972 bene
422 3931 450 3972 et
476 3921 522 3992 qui
548 3921 616 3972 male
638 3919 666 3971 in
752 3915 1221 3990 2.Namr'daseqottes.QuiRomano·

158 4000 203 4052 illo
218 4000 341 4074 periculo
356 4019 383 4053 se
398 4012 585 4073 gesserant.-
598 4000 667 4052 Stre·
709 4015 769 4052 rum
785 3999 813 4050 in
827 3998 930 4050 auxiliis
944 4009 1027 4050 erent.
1269 4061 1275 4074 .

157 4085 199 4132 nui
214 4095 239 4133 et
254 4080 367 4134 imbelles.
382 4081 418 4134 Et
437 4080 484 4152 qui
499 4079 533 4133 ed
550 4097 667 4152 pugnarn
752 4080 778 4133 3.
792 4080 886 4131 Horam
899 4081 1002 4132 tertiam.
1013 4075 1162 4134 Duodecim
1171 4079 1221 4133 ho·
