2916 4630
243 369 291 460 74
478 365 515 432 C.
549 363 735 432 CRISPI
767 362 1063 432 SALLUSTII

236 511 308 566 turn
333 494 412 565 lore.
434 523 452 560 »
479 497 586 590 Igitur
614 492 766 591 perlectis
792 492 914 584 literis,
939 521 1040 592 quum
1070 496 1160 591 prius
1184 520 1300 568 omnes

237 605 331 697 signa
348 625 408 671 sua
420 600 444 626 ¹⁰
464 603 711 697 cognovissent,
731 617 863 672 senatus
882 601 1049 692 decernit,
1063 605 1111 672 uti
1131 602 1301 674 abdicatus

237 710 430 802 magistratu
443 706 466 734 ¹¹
487 708 671 798 Lentulus,
691 711 769 778 item
792 711 894 779 ceteri
915 711 949 778 in
974 709 1084 780 liberis
1107 709 1264 780 custodiis
1277 708 1300 736 ¹²

235 815 446 884 haberentur.
471 819 588 910 Itaque
607 815 767 886 Lentulus
787 817 822 885 P.
844 815 986 886 Lentulo
1011 819 1179 912 Spintheri
1191 802 1227 905 ¹³,
1246 818 1302 912 qui

236 933 308 990 tum
332 921 432 992 editis
448 910 483 1012 ¹⁴,
500 923 668 1018 Cethegus
691 924 734 1012 Q.
757 923 937 993 Cornificio
956 908 991 1010 ¹⁵,
1007 923 1154 994 Statilius
1172 926 1210 994 C.
1231 926 1302 994 Cae-

237 1029 320 1116 seri,
332 1029 493 1100 Gabinius
508 1033 555 1099 M.
571 1033 692 1101 Crasso
706 1015 741 1119 ¹⁶,
754 1031 926 1124 Coeperius
940 1019 1037 1116 (narn
1052 1030 1080 1098 is
1099 1027 1211 1124 paullo
1229 1044 1304 1098 ente

236 1159 278 1204 ex
296 1135 376 1230 Iuga
395 1129 581 1228 retractus)
601 1141 662 1208 Cn.
683 1139 836 1206 Terentio
849 1133 873 1175 ¹⁷
885 1136 1029 1204 senatori
1048 1135 1233 1205 traduntur.

290 1243 448 1316 XLVIII.
475 1247 607 1314 Interea
625 1242 760 1339 plebes,
782 1241 1009 1334 conjuratione
1026 1241 1213 1336 patefacte,
1232 1265 1306 1336 quse

237 1350 346 1443 primo
365 1351 484 1445 cupida
500 1375 611 1420 rerum
627 1373 789 1418 novarum
804 1347 901 1416 nimis
915 1345 1002 1415 bello
1018 1345 1165 1435 favebat,
1180 1361 1309 1417 mutate

238 1469 368 1544 mente,
386 1456 535 1526 Catilinae
554 1453 689 1524 consilia
708 1455 893 1542 exsecrari,
909 1455 1104 1524 Ciceronem
1124 1452 1167 1522 ed
1185 1451 1309 1522 coelum

238 1559 353 1629 tollere
366 1560 394 1648 ¹;
407 1559 508 1630 veluti
520 1585 560 1630 ex
573 1563 729 1630 servitute
745 1575 860 1656 erepte
876 1559 1032 1656 gaudium
1048 1573 1147 1656 atque
1162 1557 1309 1629 laetitiam

237 1742 350 1796 hostiam
361 1743 389 1795 in
405 1763 451 1794 ara
463 1747 611 1815 empirei-ent.
627 1744 752 1798 Ceterum
796 1744 875 1798 exilio
890 1742 1046 1798 Ciceronem
1060 1742 1222 1796 contulitlu
1234 1742 1311 1796 bellis

238 1822 382 1894 Haruspices
396 1822 515 1876 eamdem
531 1843 586 1877 esse
601 1843 681 1896 quem
695 1825 752 1878 Ha·
796 1825 918 1878 civilibus
925 1823 1210 1896 Pompeium,Caesare
1225 1821 1309 1875 inter·

240 1904 296 1955 riolr'
308 1901 425 1958 redicem
437 1901 625 1958 animadverte.
795 1917 886 1978 empto
903 1905 1016 1957 Brutum
1031 1916 1059 1956 et
1077 1903 1197 1957 Cossium
1213 1919 1310 1972 sequu-

282 2001 327 2037 ιο.
347 1983 427 2055 Sr‘gna
439 2005 492 2039 sua.
509 1984 695 2051 Gallice,leto·s
710 2005 753 2037 cc·
796 1997 839 2038 tus
855 1996 906 2051 est,
923 1983 962 2037 ibi
978 2001 1082 2056 semper
1101 1983 1190 2049 visne,
1208 1981 1256 2035 ubi
1266 1983 1310 2053 jue

239 2063 317 2126 clete,
333 2065 507 2118 horrerem:
796 2077 823 2118 et
837 2064 944 2119 liberter
959 2077 1024 2118 eret.

283 2163 328 2198 ιι.
341 2145 476 2198 Abdicatus
489 2147 640 2216 magittratu.
652 2143 705 2198 Alii
713 2143 752 2198 le·
841 2144 1001 2210 14.AEdilt's.
1011 2141 1306 2216 Emmtigithlutttr·

239 2225 442 2296 guutmbdt'cato
450 2231 601 2297 magistram.
611 2225 646 2278 Et
653 2239 755 2278 utrum·
797 2225 862 2278 chus
876 2237 903 2278 et
916 2225 1068 2296 Appienue,
1085 2223 1133 2296 qui
1149 2239 1208 2276 rece
1218 2231 1309 2294 prato·

239 2323 292 2376 que
305 2306 430 2360 convenit
444 2323 560 2359 romane
570 2306 666 2378 lingue
679 2305 754 2377 inge·
798 2305 863 2357 ribus
876 2302 988 2358 traditos
1000 2304 1080 2357 luisse
1093 2301 1194 2357 dicunt.

240 2384 457 2451 ntesedsicum
467 2384 755 2456 cornotegtmmatdt·
840 2384 886 2438 15.
910 2383 944 2455 Q.
971 2381 1110 2454 Cornificio.
1130 2383 1182 2436 IIic
1205 2391 1244 2432 eet
1263 2379 1310 2451 qui

240 2477 321 2526 mus,
334 2466 436 2518 facilius
450 2465 607 2536 intelligitur
616 2463 754 2534 demptum
796 2464 962 2516 consulatum
974 2477 1067 2535 petens
1086 2481 1147 2516 cum
1165 2459 1310 2524 Cicerone,

239 2543 265 2596 ei
289 2563 344 2598 esse
365 2545 562 2615 magisnetum,
581 2561 637 2595 non
660 2555 754 2615 sponte
795 2543 928 2614 reprrlsem
939 2544 1043 2597 tulerat.
1054 2543 1145 2615 Neque
1156 2538 1200 2592 hic
1211 2549 1311 2609 pretor

240 2619 390 2692 depositum
404 2625 438 2675 eb
452 2623 518 2693 ipso.
796 2623 843 2674 illo
856 2623 995 2676 ennoiuit.
1009 2623 1078 2676 Nem
1087 2632 1228 2692 prterunm
1238 2618 1312 2672 inter

284 2719 329 2756 n.
350 2703 381 2754 In
400 2701 480 2752 liberis
495 2700 616 2752 currant.
635 2700 685 2753 Rei
705 2719 754 2753 no·
797 2713 824 2754 et
832 2702 987 2773 petitionem
994 2703 1143 2756 consulatus
1150 2711 1253 2771 tempus
1262 2699 1310 2752 eli·

240 2779 348 2834 hilioree
368 2793 428 2832 ente
442 2779 572 2851 judicium
587 2779 753 2833 custodiendi
797 2779 870 2854 qnod
883 2780 1033 2835 interfuisse
1044 2797 1148 2835 necesse
1161 2791 1209 2833 est.

240 2878 287 2912 sen
300 2859 509 2931 magistratibus,
520 2877 566 2912 seu
576 2859 655 2912 etiem
668 2859 755 2932 privs·
841 2863 886 2914 16.
904 2859 934 2914 C.
950 2861 1076 2916 Coesarr'...
1091 2861 1130 2914 M.
1146 2859 1243 2914 Crasso.
1254 2857 1311 2910 Μι-

241 2939 274 2992 tie
290 2937 471 2993 tradebantur.
487 2939 576 2992 Lttm
589 2935 688 2994 dicitur
702 2937 754 2992 hu·
797 2958 855 3013 gne
876 2939 1012 2994 enimvero
1030 2939 1164 3013 sapientia
1186 2938 1251 3000 suit,
1266 2935 1310 2990 hie

238 3017 355 3092 jusmodi
381 3018 521 3085 custodie,
543 3019 606 3092 quie
625 3023 676 3072 stre
695 3021 753 3072 cin·
797 3022 876 3074 etiem
893 3021 1043 3092 conjuratos
1062 3015 1248 3074 custodiendos
1263 3014 1310 3069 de·

239 3100 301 3152 culis
321 3101 530 3154 sumebantur.
553 3099 619 3153 Ideo
642 3112 669 3152 et
691 3099 754 3153 Plu·
797 3101 968 3172 re,quemvis
979 3099 1102 3154 nonnihil
1111 3097 1266 3172 suspicionis
1276 3095 1311 3150 ed

241 3181 347 3233 terehus
382 3192 458 3234 vocet
494 3176 606 3253 ἄδισμον
637 3181 753 3250 φυλακήν.
797 3199 843 3234 eos
854 3199 961 3252 quoque
969 3182 1129 3252 perveniret.
1137 3180 1179 3234 Sic
1189 3181 1273 3232 bonos
1284 3189 1312 3229 et

241 3259 366 3332 Exempla
394 3273 518 3332 petantur
549 3259 621 3334 apud
647 3259 755 3313 Livium
797 3260 888 3314 fideles
909 3259 1018 3314 credere
1037 3259 1203 3325 simulando,
1226 3261 1311 3311 bonos

240 3359 337 3408 xxxrx,
355 3347 405 3407 143
422 3341 559 3409 Tacitum,
575 3344 646 3396 Ann.
660 3361 705 3408 vr,
718 3341 754 3407 ὃς
797 3359 853 3394 esse
863 3353 889 3392 et
897 3339 987 3394 fideles
998 3342 1203 3413 coegitsenatns.
1214 3338 1257 3392 ste
1268 3337 1313 3390 ct-

242 3420 350 3476 Sueton.
365 3422 393 3473 in
406 3423 531 3489 Vitellio,
546 3441 579 3476 ιι.
797 3439 920 3475 erronem
927 3419 1068 3476 decessere
1074 3423 1227 3496 loquentem
1235 3415 1314 3470 indu·

286 3503 330 3556 13.
341 3503 374 3554 P.
387 3503 488 3556 baculo
497 3503 627 3574 Spintheri.
641 3499 668 3554 Is
679 3499 756 3572 Spin·
797 3501 847 3568 cit,
856 3499 937 3565 Vols,
946 3501 1020 3554 Rome
1029 3507 1126 3562 suune,
1136 3511 1185 3553 eet.
1193 3517 1219 3562 r,
1228 3515 1263 3550 sc.
1274 3499 1291 3552 3
1303 3514 1311 3548 τ

242 3581 302 3634 ther
318 3583 517 3653 cognominatus
534 3595 586 3646 eet,
603 3580 663 3653 quie
676 3581 755 3652 Spin·
813 3583 1297 3637 Jel’enelntne'el’ttetenmelimtllnt

242 3661 311 3714 theri
329 3659 433 3714 cuidam
451 3662 574 3715 histrioni
591 3679 638 3713 ore
651 3659 754 3713 cimitti-
841 3679 887 3732 ιγ.
903 3662 950 3717 Cn.
969 3663 1087 3716 Terentio.
1102 3660 1208 3716 trenno
1221 3669 1312 3730 poste·

242 3759 311 3796 mus.
330 3741 430 3795 Consul
450 3742 501 3795 fnit
522 3757 593 3793 enno
611 3743 678 3810 697,
693 3759 755 3794 cum
797 3743 870 3796 riore
884 3755 982 3816 pretor
996 3743 1056 3796 fuit.

242 3821 351 3876 Metello
358 3821 643 3894 Nepote,quiolternm
651 3820 757 3874 histrio·
839 3824 905 3876 Cre.
921 3823 1047 3877 XLVIII.
1064 3839 1089 3875 1.
1105 3819 1153 3874 Ad
1164 3817 1248 3871 eoelm
1264 3815 1312 3869 tc!-

242 3920 305 3955 nem
312 3899 754 3974 Pamphilummirnminmodum,
798 3904 854 3957 lere.
871 3903 894 3955 E
909 3915 1000 3956 senrtu
1015 3919 1149 3975 egressus,
1167 3910 1245 3952 noete
1257 3899 1314 3968 jem

243 3983 319 4034 vultu
331 3977 560 4049 reteretawet
568 3983 639 4036 IlIex.
649 3997 693 4047 tx,
705 3988 754 4049 14,
798 3983 1106 4055 appropinquante,eam
1114 3981 1260 4034 orationem
1266 3977 1313 4029 he·

244 4066 272 4122 4.
287 4061 356 4114 Plin.
370 4080 427 4130 vn,
442 4062 502 4129 rs.)
520 4063 645 4134 Spinther
662 4079 755 4115 omnes
798 4063 857 4116 buit
871 4063 979 4128 Cicero,
991 4081 1050 4137 qum
1058 4063 1135 4117 tertie
1149 4071 1188 4115 est
1200 4060 1229 4112 in
1239 4057 1313 4112 Ceti·

244 4159 308 4210 opee
319 4143 468 4196 consulatus
479 4145 520 4197 sui
533 4142 567 4198 ed
576 4140 755 4200 revocandum
798 4143 931 4210 linem3et
944 4161 997 4216 qne
1009 4163 1099 4200 rerum
1110 4141 1242 4206 omnium,
1251 4153 1312 4210 quo
