2922 4642
224 391 269 464 16
455 395 493 463 e.
523 393 709 461 carsrr
744 371 1042 462 santusrn

271 527 328 594 Vl.
343 524 471 593 Urbem
485 526 643 612 Romam,
653 525 747 593 sicuti
761 547 823 616 ego
836 524 948 618 accepi
959 521 981 611 ¹,
992 521 1168 592 condidere
1182 537 1279 619 atque

216 630 389 700 habuere
380 633 471 700 mitio
487 631 638 726 Trojani,
651 631 726 724 qui,
744 630 847 698 AEnea
864 629 968 717 duce,
980 629 1129 724 profugi,
1148 631 1278 700 sedibus

216 739 349 807 incertis
373 739 598 833 vagabantur,
617 760 757 828 cumque
774 736 825 803 his
844 733 1065 866 Aborigines²
1068 761 1197 831 ,genus
1219 738 1278 806 ho·

216 845 342 912 minum
359 859 502 938 agreste,
512 847 580 910 sine
598 841 739 959 legibus,
756 841 825 908 sine
842 842 1013 958 imperio,
988 827 1165 909 ³lib'erum
1181 856 1279 936 atque

215 947 368 1019 solutum.
390 948 433 1016 Hi
454 964 628 1043 postquam
651 949 685 1015 in
706 970 773 1014 una
793 948 914 1014 moenia
934 969 1139 1034 convenere,
1157 947 1279 1042 dispari

215 1079 367 1148 genere,
343 1042 528 1123 ⁴dissimili
550 1053 680 1148 lingua,
695 1051 777 1121 alius
793 1050 856 1120 alio
871 1076 963 1120 more
975 1039 1146 1123 viventes
1149 1057 1277 1141 ,inere-

214 1159 313 1229 dibile
329 1177 513 1230 memoratu
530 1175 580 1229 est
593 1183 692 1254 quam
705 1157 799 1227 facile
816 1156 1006 1226 coaluerint.
1023 1159 1089 1228 Sed
1103 1175 1277 1255 postquam

212 1291 265 1336 res
282 1291 397 1336 eorum
404 1252 577 1355 ⁶eivibus,
589 1264 757 1335 moribus⁷
760 1266 868 1358 ,agris
889 1279 1004 1354 aucta,
1020 1267 1096 1334 satis
1118 1289 1278 1360 prospera

212 1375 356 1503 satisque
376 1373 502 1468 pollens
523 1320 707 1459 videbatur,
722 1371 815 1440 sicuti
837 1369 993 1465 pleraque
1014 1369 1200 1440 mortalium
1221 1372 1276 1440 ha·

212 1466 356 1548 bentur⁸
358 1481 499 1566 ,invidia
522 1505 563 1549 ex
582 1477 758 1573 opulentia
770 1491 844 1545 orta
865 1491 923 1546 est.
937 1479 1043 1572 Igitur
1064 1500 1156 1572 reges
1174 1502 1276 1573 popu·
1341 1491 1345 1499 '
1373 1553 1375 1558 ,

212 1583 299 1679 lique
320 1534 461 1654 liriitumi
479 1585 565 1654 bello
582 1582 743 1654 tentarei·
735 1638 744 1671 ,
761 1585 913 1680 paucies
930 1585 1042 1652 amieis
1056 1583 1175 1652 auxilio
1189 1609 1273 1654 esse.

211 1715 289 1758 nam
312 1695 413 1761 ceteri
442 1707 533 1761 metu
553 1688 737 1787 pereussi¹⁰
753 1689 947 1784 apericulis
974 1689 1119 1760 aberant.
1140 1693 1185 1760 At
1206 1693 1273 1760 Ro·

211 1799 300 1864 mani
330 1799 420 1867 domi
447 1797 633 1892 militiaeque
661 1798 777 1865 intenti
807 1797 980 1884 lestmare,
997 1819 1114 1892 parare
1130 1795 1174 1884 ¹¹3
1192 1795 1274 1865 alius

212 1901 312 1972 alium
333 1905 479 1994 hortari3
492 1905 642 1974 hostibus
663 1904 795 1972 obviam
817 1905 882 1991 ire;
898 1902 1100 1992 libertatem,
1117 1904 1274 1998 patriam,

250 2084 314 2140 Cir.
328 2105 366 2140 vr.
384 2106 407 2140 r.
422 2087 501 2140 Sicuti
512 2107 557 2158 ego
571 2090 658 2160 accepi.
673 2085 722 2140 His
805 2089 831 2140 6.
856 2087 903 2138 lies
925 2080 1274 2158 eomm.1psacivitss;(ce

209 2167 296 2220 verbis
304 2167 365 2220 satis
374 2165 549 2221 indicatnihil
557 2180 658 2221 eertum
666 2185 722 2220 esse
765 2162 936 2230 munierat).

209 2244 243 2299 de
253 2247 354 2318 origine
365 2247 437 2300 urbis
451 2249 548 2301 Romu.
563 2247 721 2302 Conferutur
805 2265 831 2316 7.
845 2245 962 2298 Moribus.
977 2244 1071 2298 Sensus
1083 2257 1142 2298 est:
1157 2244 1204 2297 nbi
1216 2263 1272 2297 mo-

208 2325 299 2379 Livius
320 2345 347 2392 1,
366 2327 485 2381 Justinus
506 2346 590 2392 xnus,
610 2327 719 2398 Dionys.
763 2344 820 2390 res,
834 2338 944 2396 agrestes
957 2326 1030 2396 prius
1045 2337 1072 2378 et
1084 2324 1148 2391 feri,
1160 2325 1271 2394 legibus,

208 2405 267 2459 Hal.
276 2406 357 2478 1‚qui
371 2425 462 2460 omnes
474 2427 532 2462 eam
547 2405 581 2459 sd
594 2407 721 2479 Trojano·
763 2403 1085 2476 disciplinu,humanitate
1095 2404 1190 2458 exculti
1201 2417 1271 2456 sunt.

208 2503 269 2538 rum
281 2485 433 2557 progeniem
446 2487 571 2540 referunt.
763 2483 864 2536 Eodem
874 2503 951 2538 sensu
962 2485 1030 2556 legas
1040 2482 1271 2556 apudVirgilium,

251 2585 276 2617 ι.
287 2565 441 2635 Aborigines.
452 2567 522 2620 Dicti
531 2585 585 2619 esse
595 2563 720 2619 videntur
762 2566 823 2618 AEn.
832 2582 856 2630 ι,
870 2565 941 2618 268:

208 2644 283 2714 qussi
296 2644 327 2694 ab
344 2645 401 2715 ipso
420 2645 479 2698 loco
491 2649 607 2716 originem
620 2643 719 2700 ducen-

208 2734 259 2788 tes3
271 2741 329 2788 seu,
338 2736 368 2776 ut
379 2723 435 2776 eliis
443 2725 542 2794 placet,
551 2727 624 2796 quasi
633 2725 719 2798 absque

208 2805 306 2870 origine.
322 2803 453 2856 Dicsmtur
466 2823 571 2876 quoque
587 2805 668 2858 latine
680 2811 718 2857 irs-
802 2811 829 2862 8.
849 2805 1151 2862 Ss'cuti....lmbemur.1d
1175 2819 1227 2872 est,
1246 2827 1271 2858 se

207 2880 302 2950 digena
319 2875 623 2955 (inde-geniti)‚groeee
644 2886 717 2938 siuri-
761 2885 863 2939 mess:
876 2901 906 2941 ut
920 2888 1075 2959 plerumque
1096 2885 1128 2940 fit
1144 2887 1173 2939 in
1192 2887 1270 2940 rebus

801 2677 987 2738 ...Morsque
998 2676 1054 2724 risis
1065 2686 1089 2724 et
1099 2677 1269 2738 mmnisponet

127 2979 131 2986 ⁴
207 2955 343 3028 χθοιις(ειτ
355 2966 407 3032 ipsa
417 2973 480 3015 terra
488 2960 618 3028 oriundi).
627 2965 717 3030 Quen-
760 2965 890 3020 humanis.

207 3057 287 3111 quarn
299 3039 350 3095 boc
361 3059 457 3094 nomen
469 3043 601 3114 peculiare
613 3057 652 3097 est
661 3045 717 3116 pri·
803 3065 828 3116 9.
844 3045 914 3099 Bello
931 3057 1034 3099 tensare:
1051 3044 1189 3109 lacessem
1201 3044 1269 3097 vires

206 3119 257 3174 mis
274 3120 344 3174 Latii
364 3121 472 3188 incolis,
487 3123 611 3176 omnibns
630 3136 717 3177 tamen
760 3143 853 3178 eorum
866 3125 1110 3218 experiri3supple:
1123 3137 1267 3196 cmperunt

206 3199 239 3253 iis
260 3201 399 3266 convenit,
416 3202 462 3294 «pri
480 3215 540 3256 ante
556 3216 654 3256 certem
668 3205 717 3256 ho·
803 3224 847 3259 ro.
867 3206 936 3260 Metu
951 3209 1063 3277 percussi.
1080 3205 1132 3258 Atii
1148 3205 1266 3297 persulsi,

206 3279 309 3332 minum
321 3281 475 3335 memoriam
486 3283 619 3354 regionem
628 3303 718 3355 quam·
760 3283 833 3356 quod
840 3305 933 3358 saepms
939 3284 1047 3358 quidem
1057 3285 1181 3338 occurrit.
1194 3285 1269 3337 Kun·

205 3357 271 3412 hbet
281 3359 422 3415 incoluere
732 3363 941 3419 bmdtretinet
948 3370 1063 3437 persensi,
1075 3361 1175 3436 quod(
1167 3365 1269 3436 inquit,

134 3437 138 3446 ’
243 3438 445 3514 3.8ιίιειήιμνιό.
454 3441 717 3514 Sinernagistrstibus
755 3456 877 3515 persuum
891 3465 946 3498 non
959 3464 1046 3498 snmus
1056 3464 1135 3516 qum
1142 3444 1270 3514 percellere

206 3519 253 3590 qui
266 3521 303 3572 eis
317 3521 485 3592 imperarent.
758 3524 981 3578 vehementiorem
988 3525 1069 3578 animi
1079 3537 1180 3576 motum
1188 3523 1269 3594 signi·

246 3605 272 3662 4.
282 3600 482 3671 Disperigenere.
496 3601 622 3667 Quamvis
632 3615 717 3655 essent
758 3601 826 3657 ficet
833 3605 887 3658 Nos
892 3604 1055 3676 huncetBip.
1060 3602 1163 3674 sequuti
1169 3621 1270 3656 sumus.

205 3677 322 3750 dispares
332 3679 448 3750 origine,
458 3694 484 3734 et
496 3679 616 3735 dissimili
627 3682 716 3753 lingua
758 3683 880 3756 Legimus
899 3703 1005 3757 quoque
1024 3681 1094 3755 apud
1113 3682 1269 3736 Ciceronem

204 3759 385 3832 loquerentur.
759 3783 800 3835 ep.
812 3763 846 3818 ed
858 3765 917 3818 Div.
932 3784 976 3830 rx,
988 3765 1039 3830 25,
1052 3762 1146 3827 simili,
1157 3760 1203 3814 sed
1212 3781 1268 3815 non

247 3840 272 3892 5.
282 3839 357 3892 Aliso
364 3839 413 3891 alio
422 3859 485 3891 more
492 3844 604 3894 niventes.
614 3841 714 3905 Quem·
758 3841 868 3911 eodem,
877 3863 909 3898 ex
918 3845 992 3898 omni
1000 3855 1091 3915 parte,
1100 3857 1194 3896 sensu:
1208 3867 1218 3889 ι
1229 3860 1270 3895 re·

204 3918 245 3970 vis
257 3937 305 3970 suo
320 3919 430 3992 quisque
444 3938 534 3986 more,
547 3919 580 3973 ab
597 3919 652 3972 aliis
672 3919 714 3973 di·
756 3937 836 3994 pente
843 3944 968 3996 percussus
983 3937 1022 3978 est
1039 3921 1208 3976 atrocissimis
1224 3921 1269 3976 lit·

204 4015 295 4062 verso,
306 3999 415 4053 viveret.
425 4000 549 4062 Viventes,
563 4000 592 4052 in
603 4000 714 4070 plurali,
759 4005 828 4058 teris.
846 4029 857 4052 s

204 4077 266 4148 quia
276 4075 309 4129 de
318 4079 525 4134 omnihuszolius
536 4081 565 4134 in
576 4079 713 4150 singulari,
801 4102 844 4137 rr.
859 4084 960 4136 Parare.
975 4081 1079 4137 Scilicet
1093 4101 1123 4134 ea
1143 4099 1202 4153 quse
1221 4078 1269 4134 de·

204 4157 266 4228 quis
281 4154 315 4210 de
327 4175 487 4231 unoquoque
501 4159 628 4234 loquitur.
758 4163 870 4216 fensioni
883 4175 928 4217 sut
936 4161 1008 4216 bello
1020 4161 1257 4216 nemetensem.
