2938 4654
226 338 300 431 274
457 335 496 404 C.
525 331 710 403 CRISPI
746 323 1047 402 SALLUSTll

222 465 347 535 Bocchi
368 467 506 534 nuncios
527 466 633 533 mittit.
652 462 713 532 Ille
731 463 872 559 probare
892 464 1028 556 purtim,
1045 458 1107 530 ulia
1126 459 1278 529 abnuere.

222 575 274 640 Eo
301 571 402 640 modo
431 597 515 666 saepe
544 572 585 640 ab
614 586 755 664 utroque
782 569 888 638 missis
914 569 1120 662 remissisque
1151 568 1280 636 nunciis

222 692 353 770 tempus
380 679 576 772 procedere,
596 691 648 762 et,
667 701 707 746 ex
732 674 857 744 Metelli
879 672 1066 761 voluntate,
1085 671 1207 742 bellum
1226 675 1279 740 in-

222 797 349 852 tactum
368 784 463 852 trahi.

276 892 465 959 LXXXIV.
481 891 524 958 lt
538 891 680 975 Marius,
694 903 732 958 ut
746 911 846 982 supra
858 885 1281 980 diximus,cupientissumn

222 993 335 1090 plebe¹
355 994 469 1065 consul
488 995 609 1085 iactus,
628 1009 801 1116 postquam
821 995 851 1062 ei
868 994 1071 1088 provinciam
1088 989 1280 1060 Numidiam

221 1100 399 1195 populus
387 1105 506 1195 Jussit,
531 1117 626 1172 antea
644 1103 712 1196 jem
739 1100 875 1170 infestus
895 1098 1072 1185 nobilitati,
1091 1111 1162 1166 tum
1184 1093 1280 1164 vero’

221 1207 345 1277 multus
355 1223 452 1302 atque
464 1208 574 1278 ferox
565 1223 702 1278 metare
714 1205 859 1301 singulos
871 1206 987 1293 modo
1000 1204 1099 1274 modo
1110 1226 1282 1270 universos

222 1311 366 1382 laedere:
391 1314 562 1401 dictitare,
582 1339 651 1383 sese
679 1311 885 1382 consulatum
914 1337 954 1382 ex
977 1257 1071 1382 lictis
1093 1308 1154 1378 illis
1177 1305 1282 1402 spolia

222 1423 366 1513 cepisse,
384 1419 446 1488 alia
470 1434 627 1514 praeterea
648 1419 823 1513 magnilica
843 1445 905 1514 pro
923 1443 973 1504 se,
993 1432 1027 1486 et
1046 1414 1108 1485 illis
1128 1411 1280 1484 dolentis„

221 1526 358 1593 Interim
367 1550 467 1618 ‚quae
485 1523 570 1594 bello
591 1551 676 1620 opus
693 1539 788 1596 erant
797 1527 926 1619 ‚prima
947 1524 1094 1593 habere:
1115 1517 1282 1649 postulare

221 1579 404 1723 legionibus
428 1629 711 1724 supplementum,
729 1629 888 1699 auxilius
916 1627 1049 1724 populis
1071 1643 1104 1698 et
1127 1609 1280 1721 regibus³

222 1737 383 1830 sociisque
396 1759 578 1805 arcessere:
594 1751 753 1831 praeterea
766 1760 807 1806 ex
820 1739 916 1806 Latio
927 1736 1152 1806 fortissumum
1167 1756 1280 1826 qsrem-

220 1918 359 1990 Jugurthae
374 1935 479 1990 quoque
494 1937 585 1990 pacem
600 1939 660 1974 eum
675 1921 729 1972 Ro·
773 1918 875 1973 XCVI:
890 1916 1236 1990 «Inoperibusfinngmine
1246 1927 1283 1968 at·

221 1999 307 2050 munis
315 1997 430 2051 habendi
439 1999 515 2070 copia
524 1999 607 2052 lieret.
616 2031 657 2041 -
667 1999 731 2052 Con·
773 2017 825 2069 que
834 1997 866 2051 ed
878 1998 979 2068 vigilios
990 1997 1076 2049 multrrs
1085 1994 1181 2050 adesse.
1188 2021 1200 2042 ι
1214 1997 1282 2047 item

222 2089 261 2129 tra
270 2080 392 2147 postulata
406 2079 504 2132 Bocchi.
516 2079 635 2131 Nuncios
648 2079 731 2132 mittit
773 2078 829 2131 Cic.
839 2097 921 2150 quum
929 2077 991 2130 olibi
1000 2080 1110 2148 possim,
1118 2087 1174 2128 tum
1182 2073 1217 2126 de
1226 2075 1281 2127 Off.

221 2155 254 2210 ed
271 2177 315 2223 ea,
332 2177 390 2229 quae
403 2159 580 2230 postulaverat
593 2157 729 2222 Bocchus,
773 2163 890 2222 11‚16:«
899 2159 946 2210 Est
953 2157 1023 2209 enim
1032 2151 1283 2226 multus('l'lreoplrr.)

220 2255 402 2308 responsuros.
421 2269 462 2278 -
476 2239 522 2290 Ille
531 2237 642 2308 probare.
662 2239 729 2290 Boc·
772 2237 800 2289 in
811 2235 942 2290 laudando
955 2233 1148 2308 nmgnifieentia
1162 2247 1188 2286 et
1201 2253 1282 2306 uppa-

221 2316 286 2368 clrus
297 2318 404 2370 scilicet.
772 2317 874 2370 ratione
881 2316 1050 2389 popularium
1057 2331 1208 2368 munerum.
1219 2337 1231 2360 ι
1241 2345 1282 2354 -

260 2397 325 2449 Cir.
336 2397 488 2449 LXXXIV.
504 2415 526 2449 1.
541 2397 730 2466 Cupientissuma
771 2395 829 2448 Sero
852 2397 1016 2456 consulatum,
1040 2405 1084 2448 etc.
1107 2393 1281 2447 Consulatum

218 2475 295 2546 plebe.
311 2476 420 2528 Summo
433 2476 519 2546 plebis
533 2475 621 2528 studio
637 2494 667 2528 ec
682 2495 729 2527 vo·
771 2475 1062 2546 suum,spoliaevictis
1077 2473 1197 2526 hostibus
1205 2484 1281 2542 capta

219 2553 330 2606 luntate.
347 2553 447 2606 Eodem
460 2555 515 2606 lere
528 2574 605 2607 sensu
622 2555 728 2608 Catilio.
771 2555 910 2608 vocitabat.
928 2554 1062 2607 Plutarch.
1082 2554 1110 2605 in
1126 2552 1232 2604 Murio:
1249 2554 1280 2605 Oi

220 2632 269 2683 XL
282 2651 289 2683 ε
306 2658 317 2678 ι
329 2633 402 2685 Nihil
413 2645 467 2686 tam
482 2652 603 2705 asperum
606 2673 653 2687 .....
662 2635 728 2706 quin
770 2636 835 2704 λόγοι
847 2638 942 2704 operosi<
954 2637 1020 2694 ὄντος
1032 2633 1151 2702 ὑπιμοψίᾳ
1161 2630 1203 2684 ml
1213 2629 1280 2702 tepet

221 2711 376 2780 cupidissume
384 2712 476 2763 facturi
485 2725 578 2765 essent.
588 2739 599 2759 ι
609 2715 728 2766 -Ροεο-
770 2714 826 2774 τοὺς
836 2714 946 2785 πρώτους
955 2715 1064 2770 mineus,
1076 2713 1160 2764 σκῦλον
1170 2731 1197 2763 τι
1207 2712 1282 2776 βοῶν-

220 2809 291 2860 quam
304 2793 327 2841 ei
335 2794 482 2860 provinciam
499 2791 638 2844 Numidiam
650 2813 727 2864 popu·
770 2813 812 2854 τος
827 2795 956 2850 discisis
969 2794 1091 2846 tearum
1105 2795 1267 2866 plpsotmrn
1255 2797 1280 2852 ’ς

221 2869 258 2919 lus
275 2871 356 2938 jussit.
379 2869 447 2922 Note
469 2870 538 2923 hanc
562 2870 727 2939 dictionem,
769 2879 818 2924 τῶν
835 2875 936 2944 ιύγινων
954 2871 995 2925 καὶ
1008 2872 1126 2925 πλουσίων
1138 2872 1280 2966 pulcrior,

215 2948 546 3019 juberepmrincromalicui.
563 2951 727 3022 Populusjus·
770 2957 811 3006 καὶ
827 2955 964 3024 τραύμασιν
985 2953 1079 3012 οἰκείοις
1100 2952 1199 3020 πρὸς
1177 2971 1218 3003 τον
1206 2945 1280 3004 scin·

219 3030 252 3077 srt
264 3042 302 3080 est
308 3031 392 3098 ‚jussu
407 3049 450 3080 suo
462 3029 544 3090 dedit5
562 3029 597 3081 ite
614 3043 643 3082 ut
660 3031 726 3084 deti·
769 3052 830 3102 μον,
845 3034 871 3085 οὒ
880 3033 997 3130 μνήμασι
1017 3037 1154 3100 respons
1142 3019 1196 3082 οὐδ’
1211 3029 1281 3082 ἄλλο·

218 3125 267 3158 rus
285 3112 309 3159 ei
322 3127 353 3160 ex
369 3127 446 3161 sensu
460 3109 549 3180 potius
568 3110 643 3162 verbi
654 3115 729 3181 jussit
768 3113 846 3181 τρίοις
865 3114 958 3173 sinder,
972 3129 1028 3162 νιον
1030 3111 1143 3163 teissim.
1162 3141 1203 3150 -
1225 3109 1280 3161 uto

218 3203 297 3257 quum
311 3207 342 3240 ex
361 3187 419 3258 ipso
436 3189 518 3241 verbo
536 3186 658 3260 pendeat.
673 3193 726 3244 Ne·
769 3189 883 3245 dolentia.
908 3191 966 3244 lllis
987 3187 1107 3242 dolorem
1133 3189 1278 3242 efferentis.

218 3283 270 3336 que
281 3285 345 3319 vero
358 3267 468 3343 intelligi
481 3287 584 3321 necesse
595 3281 647 3334 est,
652 3273 728 3340 jussit
768 3269 869 3323 Eodem
891 3289 968 3323 sensu
989 3267 1057 3323 dixit
1078 3269 1184 3321 dokntm
1196 3305 1204 3329 ‚
1224 3285 1279 3339 quo

217 3345 281 3420 dari.
294 3347 361 3398 Nam
373 3347 449 3398 debat
462 3348 518 3419 ipse
529 3349 659 3420 populus,
670 3369 725 3403 uon
768 3347 867 3403 dicitur
881 3351 925 3402 too
937 3351 995 3402 milri
1009 3349 1081 3402 dolet.
1097 3349 1165 3402 Num
1179 3347 1279 3419 alioqui

218 3426 251 3476 sb
266 3427 318 3478 alio
331 3427 387 3479 dari
398 3427 514 3498 jubebat.
768 3428 849 3480 dolens
859 3429 959 3502 optime
969 3430 1083 3482 refertur
1093 3425 1127 3480 od
1138 3445 1278 3499 personas,

260 3525 286 3557 ο.
299 3507 359 3559 Tum
366 3527 433 3560 nero.
445 3509 484 3560 De
495 3509 573 3580 hujus
584 3508 725 3562 locutionis
767 3519 798 3560 ut
809 3509 893 3562 Cicer.
907 3505 1033 3562 Paradox.
1045 3527 1063 3561 v
1076 3525 1083 3561 ε
1101 3533 1112 3555 ι
1125 3506 1179 3560 Soli
1196 3505 1279 3578 igitur

216 3584 243 3637 vi
260 3587 352 3638 confer
370 3587 447 3640 Catil.
466 3587 541 3650 LXI,
560 3606 586 3639 n.
613 3605 636 3640 r.
657 3589 724 3641 Item
767 3587 818 3640 hoo
833 3589 963 3660 contingit
975 3587 1100 3658 sepienti,
1116 3599 1147 3639 ut
1158 3585 1226 3638 nihil
1242 3585 1278 3638 ie·

216 3663 725 3738 xxxvl1‚n.8.-Murmaequesem
767 3667 818 3719 ciet
831 3668 945 3734 invitus,
959 3667 1027 3720 nihil
1040 3667 1130 3718 dolens.

217 3745 313 3797 instare.
335 3745 449 3798 Multum
467 3739 499 3806 (i.
512 3763 535 3797 e.
547 3741 630 3816 sepe)
644 3757 669 3800 et
685 3747 723 3802 fe·
807 3748 831 3800 3.
853 3749 954 3819 Populi}
965 3759 990 3800 et
1003 3746 1105 3816 regibus.
1123 3743 1184 3798 Seil.
1202 3756 1277 3798 extra

215 3823 313 3876 rociter
327 3824 431 3876 instare.
448 3821 500 3875 Sed
518 3837 547 3876 nt
564 3825 723 3894 elegantius,
767 3825 878 3880 Italiam.
892 3859 931 3870 -—
944 3827 1073 3897 Sociisque.
1089 3825 1195 3878 Italicis.
1210 3825 1278 3878 Mox

216 3901 252 3954 its
264 3903 342 3955 etiam
357 3903 544 3975 significantius
553 3916 592 3956 est
604 3902 654 3976 adj.
666 3907 724 3957 mul·
767 3903 841 3958 edtlit
852 3907 974 3972 Latinos,
986 3907 1048 3978 qui,
1064 3918 1094 3958 ut
1109 3905 1277 3970 monuimus,

217 3990 267 4042 flu,
284 4001 363 4056 quem
375 3981 482 4040 adverb.
495 3985 600 4038 multem
615 3983 659 4038 sio
673 3985 721 4040 ini.
768 3983 902 4052 xxxlx,
917 4006 944 4040 ιι.
964 3989 995 4051 3,
1017 3987 1050 4040 ὼ
1063 3984 1162 4040 Ittlieis
1180 3984 1277 4039 distin·
