2942 4662
535 338 882 410 OPUSCULUM.
1164 339 1233 416 511

176 490 216 546 ut
233 497 294 544 nec
313 469 375 542 illis
394 483 564 566 parceret,
582 493 724 564 quorum
744 494 846 566 opera
867 481 938 540 erat
954 468 1062 540 victor
1087 471 1236 546 effectus.

173 584 222 654 Et
243 603 346 676 (Ῑιιιιιιι
368 577 431 646 hac
452 575 686 647 insolentiam
706 601 821 648 omnes
846 578 1066 646 communiter
1092 577 1236 650 baccha-

175 702 286 771 retur,
308 709 410 780 quum
427 681 565 752 haberet
584 667 789 771 conciones³,
808 707 828 754 a
847 681 1005 754 malrubus
1025 685 1090 754 suis
1111 688 1237 758 occisus

176 807 237 864 cst.
253 795 339 862 Tum
355 790 482 862 Marius
501 813 544 858 ne
561 789 630 859 sine
650 791 740 862 socio
742 735 974 860 ⁴dominatum
993 790 1153 862 sustinere
1170 817 1238 862 non

176 911 316 993 posset,
340 899 376 966 in
403 894 534 984 locum,
554 894 743 968 Carbonem
765 895 880 966 sibim
898 898 1038 992 septimo
1066 895 1238 968 consulatu

179 1003 342 1098 collegam
364 1001 563 1096 subrogavit

234 1112 275 1178 V.
303 1111 389 1178 Tum
412 1107 517 1202 Sylla,
536 1120 628 1180 unta
647 1107 875 1204 indignatione
897 1122 1101 1196 commotus,
1123 1123 1240 1178 contra

178 1213 342 1285 ΜιιιιίιιιιΙ
352 1229 449 1308 atque
458 1215 645 1286 Carbonem
655 1217 833 1286 exercitum
848 1212 955 1302 duxit3
964 1227 997 1282 et
1008 1215 1093 1282 mter
1102 1238 1136 1283 se
1145 1213 1239 1283 ferali

179 1321 359 1392 certamine
370 1323 497 1390 romani
509 1321 669 1392 exercitus
683 1321 867 1392 conflixere.
877 1321 918 1388 In
930 1343 997 1414 quo
1005 1317 1092 1388 bello
1101 1344 1238 1414 supera·

179 1442 235 1498 tus
257 1441 307 1496 est
322 1427 457 1496 Marius.
472 1426 557 1494 Tum
576 1451 657 1498 vero
676 1426 764 1522 Sylla
782 1427 907 1513 victor,
925 1424 1085 1520 quidquid
1105 1426 1140 1494 in
1155 1425 1239 1494 urbe

180 1545 406 1619 remanserat,
425 1529 601 1605 crudeliter
622 1546 837 1628 persequutus
857 1545 926 1619 est;
949 1547 983 1600 et
1004 1529 1239 1627 rempublicam

178 1637 380 1708 vindicatam
398 1661 467 1708 non
485 1635 626 1710 reddidit
642 1638 787 1734 legibus,
801 1638 859 1710 sed
876 1639 945 1732 ipse
964 1637 1132 1734 possedit:
1148 1663 1186 1708 ac
1205 1663 1240 1707 se

180 1743 282 1816 talem
311 1743 472 1838 praebuit,
498 1756 537 1812 ut
561 1743 712 1814 Cinnano
742 1769 780 1816 ac
815 1747 985 1832 Mariana,
1007 1769 1108 1840 quam
1134 1743 1241 1814 ultum

180 1847 294 1938 ierat²,
303 1849 484 1920 dominatio
493 1863 702 1942 quereretur.
713 1852 800 1920 Hinc
814 1849 1000 1922 Sallustius:
1012 1851 1132 1919 «Bonis
1141 1851 1241 1920 initiis

181 1955 289 2024 malos
304 1967 440 2024 eventus
454 1953 603 2028 habuit.»
613 1955 701 2026 Nam
717 1953 850 2026 suerum
865 1957 953 2026 bona
968 1956 1144 2050 principia,
1153 1953 1243 2049 quod

181 2083 376 2156 oppressam
389 2057 494 2130 voluit
507 2059 629 2130 civium
646 2059 822 2132 defendere
834 2057 1037 2148 libertatem
1048 2061 1126 2129 mali
1140 2085 1242 2129 even-

181 2180 253 2254 tus,
267 2166 356 2260 quod
370 2166 530 2261 superatis
548 2164 688 2236 dominis
701 2179 735 2236 et
749 2166 888 2238 ducihus
902 2167 1011 2253 saevis,
1025 2167 1156 2261 gravius
1173 2167 1242 2260 ipse

183 2273 353 2346 civitatem
375 2273 556 2366 quassavit,
573 2272 631 2365 qui
649 2296 683 2342 se
700 2270 840 2366 publicae
860 2269 1052 2340 calamitatis
1069 2271 1139 2339 fore
1161 2297 1243 2366 pro·

182 2378 319 2451 miserm
337 2377 552 2450 defensorem.
576 2378 656 2464 Hic,
676 2403 780 2496 quum
800 2391 928 2446 teneret
948 2377 1139 2470 imperium,
1159 2375 1243 2445 mul·

184 2495 238 2556 tas
258 2483 345 2614 lqges
363 2509 402 2559 ec
417 2485 493 2578 jura
516 2483 733 2578 prescripsit,
754 2481 864 2554 incultis
882 2481 1096 2552 civitatibus
1086 2484 1245 2550 mimum-

185 2603 271 2669 tates
278 2575 513 2684 ³veotigalium
530 2589 640 2677 dedit,
652 2587 775 2662 multos
795 2611 932 2660 romana
949 2589 1080 2658 civitate
1100 2588 1244 2658 donavit.

229 2797 254 2850 3.
277 2799 357 2870 Quam
373 2798 470 2856 ladem
490 2801 620 2854 emtione-t.
635 2798 695 2852 Dn-
739 2815 812 2854 rsus.
825 2828 867 2844 -··
879 2798 909 2852 In
923 2799 1008 2852 tom
1024 2796 1128 2854 Scilicet
1143 2799 1244 2854 Cinnas.

187 2877 307 2930 sentiunt
322 2879 351 2930 in
370 2890 456 2930 morte
472 2877 565 2932 Cinna
584 2877 696 2949 scripto·
780 2879 883 2932 Carav.
901 2895 925 2930 1.
938 2877 1030 2931 Contra
1043 2877 1157 2931 Marium.
1168 2877 1248 2933 Juve-

187 2974 249 3022 ιιι,
272 2955 344 3028 quod
364 2955 484 3014 ostendet
502 2969 566 3010 nota
585 2957 697 3010 Puteani
739 2975 801 3010 nem
811 2955 923 3022 scilicet,
932 2956 1050 3028 quamvis
1060 2969 1163 3028 patrem
1171 2959 1255 3013 intel-'

188 3033 224 3088 ad
233 3035 382 3102 Velleium,
393 3053 434 3102 rr,
447 3041 492 3100 ²4·
505 3035 600 3094 Noster
609 3037 696 3108 seqni-
739 3037 833 3090 lexerit
840 3034 1121 3108 Exsuperantiue.Vid.
1131 3037 1244 3112 Appiam

189 3125 237 3166 tur
252 3115 364 3188 Appian.
376 3115 443 3168 Bell.
459 3115 517 3168 civ.
531 3133 552 3168 r.
567 3115 696 3171 (ἓοιιτιιιι.
739 3115 805 3169 Bell.
822 3114 880 3168 civ.
895 3134 923 3181 r;
937 3115 1007 3170 Veli.
1023 3133 1065 3182 11,
1082 3115 1116 3170 25
1132 3130 1158 3170 et
1171 3136 1242 3190 seqq.

233 3199 260 3257 4.
290 3195 351 3246 Tum
371 3194 479 3256 Marsus,
502 3213 530 3246 ne
553 3197 603 3246 ιὺιε
623 3199 696 3246 socio.
782 3213 806 3246 s.
823 3195 902 3262 Quam
917 3195 991 3245 ιιὶιιιηι
1005 3197 1073 3246 ierat.
1089 3195 1132 3248 Sic
1144 3197 1244 3268 optime

189 3271 302 3326 Fallitur
316 3285 416 3328 auctor.
428 3271 528 3330 Marim
539 3272 610 3325 enim
623 3272 698 3342 prior
739 3284 836 3324 noster.
857 3271 963 3341 Vulgo,
984 3271 1050 3344 qnod
1072 3273 1146 3324 ultum
1170 3288 1244 3337 erar,-

191 3363 313 3405 mortnus
335 3364 392 3413 est,
416 3363 443 3405 et
468 3353 573 3417 Cinna,
594 3350 622 3402 in
641 3351 697 3422 ejus
739 3367 818 3422 φιιιιι
831 3350 971 3404 lectionem
987 3349 1084 3404 frustm
1099 3353 1166 3406 tueri
1179 3353 1243 3406 niti·

190 3431 296 3498 locum,
313 3431 450 3486 Valerium
465 3431 587 3484 Flaccum
601 3447 697 3482 conan-
740 3441 784 3482 tur
799 3428 922 3496 Cortina,
942 3447 1024 3500 quum
1037 3447 1093 3482 non
1106 3431 1242 3486 meliorem
1344 3475 1349 3484 .

191 3509 247 3563 lem
261 3511 428 3582 subrogavit3
445 3527 499 3583 quo
515 3507 653 3564 interiecto
668 3508 697 3562 in
738 3508 851 3560 noverit.
864 3537 904 3550 -
921 3507 996 3578 Quod
1005 3509 1120 3579 superatis
1133 3509 1242 3564 dominis.

191 3589 272 3655 Asia,
293 3589 442 3646 Carbonem
461 3589 606 3662 assumpsit.
627 3585 698 3640 Vide
740 3587 783 3640 Sic
798 3586 870 3642 Cort.
885 3598 911 3643 et
922 3587 1032 3642 Haverc.
1041 3587 1150 3642 Noster:
1163 3603 1242 3643 utsu-

96 3695 109 3712 =
191 3667 307 3742 Appiam
317 3669 476 3742 etreliquos.
481 3669 631 3725 Abstramur
644 3679 698 3735 est,
738 3671 829 3743 penda
842 3666 952 3722 ἄοιιὶιιὶι.

193 3746 267 3819 qnod
291 3745 393 3802 videret
417 3748 563 3801 Marium'
553 3765 698 3820 juvenem,
784 3747 808 3802 3.
829 3747 915 3800 Multis
929 3745 1062 3800 civitatibus
1079 3751 1242 3804 imunitates.

194 3827 267 3881 illius
275 3827 354 3881 Marii
366 3847 413 3900 qur
425 3827 520 3900 septaes
528 3826 620 3882 consul
632 3826 698 3893 furt
742 3825 849 3898 Vulgo,
865 3827 979 3880 multas..
984 3829 1169 3882 ‚immunitates
1184 3829 1244 3884 Jam

131 3909 136 3916 “
194 3905 281 3962 fllium
300 3907 333 3961 ab
353 3907 455 3976 Floro,
472 3907 549 3960 Livio
574 3905 699 3978 aliisque,
743 3905 849 3960 Curtius
860 3906 1245 3982 conjecitmnltr'nqaoddiaers

193 3987 528 4042 eum'Carlroneconsulem
537 3983 624 4058 prodi.
632 3985 701 4040 Coa·
736 3997 770 4064 „te
783 3984 890 4041 exhibet
902 3998 999 4040 noster.
