2922 4642
168 387 170 394 ⁴
240 387 329 435 xxvr
442 361 1093 433 VETERUMSCRIPTORUM

240 497 320 582 fuit,
337 509 375 565 ut
392 496 479 564 hanc
497 495 603 590 ipsam
630 498 824 565 sententiam
851 509 884 564 et
908 508 1065 590 tanquam
1089 494 1301 587 translatam,

240 618 273 672 et
287 617 479 697 corruptam
499 601 578 670 dum
598 601 850 686 transferretur,
870 601 1029 696 objiceret
1045 600 1206 672 Sallustio.
1229 606 1301 674 Nec

241 733 353 778 amore
374 707 574 803 Thucydidis
603 707 698 796 lacit,
723 723 761 778 ut
784 706 877 778 illum
902 709 1073 803 praeferam
1105 708 1162 778 sed
1189 708 1303 778 laudat

241 839 340 910 quem
358 841 426 884 non
448 817 563 903 timet;
588 828 621 882 et
640 814 767 886 facilius
788 830 884 912 putat
901 839 919 882 a
937 841 971 885 se
991 840 1088 910 posse
1113 814 1301 886 Sallustium

228 917 346 1008 uinci,
362 923 388 990 si
401 938 478 992 ante
490 948 510 992 a
523 921 717 1017 Thucydide
732 925 892 992 vincatur.
907 912 969 1009 (N.
989 925 1025 992 Β.
1046 921 1157 1010 Quam
1178 925 1302 992 Seneca

240 1027 424 1120 Thucydidi
442 1029 558 1098 tribuit
573 1021 784 1119 sententiam,
798 1029 832 1096 in
847 1028 1089 1118 Demosthene,
1107 1026 1244 1123 Olynth.
1259 1050 1302 1118 n,

240 1131 375 1229 legitur,
398 1137 454 1229 qui
472 1137 589 1223 etiam,
602 1161 664 1230 pro
682 1134 818 1204 ἑκάστων
835 1137 1068 1229 ἁμαρτήματα,
1083 1135 1184 1204 habet
1201 1145 1303 1203 τοιαῦ-

241 1264 283 1308 τα
301 1232 401 1316 ὀνείδη
415 1234 438 1331 ).

500 1350 716 1436 Manrrms,
743 1371 809 1418 nm.
838 1369 916 1434 mv,
950 1369 1032 1442 191.

325 1493 387 1558 llic
406 1495 482 1572 erit,
501 1510 540 1558 ut
555 1493 727 1582 perhibent
745 1493 919 1560 doctorum
936 1493 1035 1560 corda
1052 1494 1214 1576 virorum,

393 1601 526 1688 Crispus
544 1623 678 1664 romana
694 1601 819 1690 primus
836 1601 870 1665 in
887 1601 1032 1666 historia.

563 1771 848 1860 Qumrrtranus,
876 1795 920 1860 u,
951 1767 983 1842 5.

290 1929 406 2000 Livius·
418 1952 439 1997 a
453 1930 565 2024 pueris
582 1931 687 2025 magis
705 1928 863 2026 legendus
884 1953 984 2024 quam
1000 1926 1232 2014 Sallustius,et
1248 1929 1306 2000 hic
1371 1987 1373 1992 ,

224 2037 383 2106 historia
396 2037 530 2130 maioris
543 2051 594 2108 est
609 2052 743 2126 auctor;
757 2025 799 2107 ad
811 2061 912 2132 quem
925 2051 1038 2110 tamen
1052 2033 1303 2130 intelligendum

236 2143 304 2236 jam
325 2143 479 2238 profectu
495 2169 581 2241 opus
595 2145 647 2214 sit.

647 2313 762 2399 Ioum,
789 2335 849 2399 111,
878 2312 911 2383 8.

290 2470 428 2565 Crispus
448 2469 619 2539 Sallustius
641 2471 675 2538 in
702 2468 788 2538 bello
817 2470 1019 2565 iugurthino
1047 2483 1082 2539 et
1107 2469 1304 2540 Catilinario

238 2573 319 2644 nihil
338 2574 381 2643 ad
395 2575 566 2644 historiam
583 2575 823 2670 pertinentibus
843 2575 1012 2671 principiis
1036 2601 1133 2646 orsus
1148 2589 1213 2646 est.

636 2751 752 2836 Inest,
780 2771 834 2835 rv,
864 2775 897 2818 2.

290 2905 435 2978 Vitanda
457 2905 512 2975 illa
526 2904 744 2994 Sallustiana,
763 2929 953 3002 quanquam
970 2909 1004 2976 in
1019 2910 1092 3004 ipso
1110 2909 1240 2979 virtutis
1257 2907 1305 2978 lo·

240 3039 317 3084 cum
334 3012 479 3101 obtinet,
491 3013 654 3098 brevitas,
670 3027 705 3082 et
715 3013 895 3109 abruptum
905 3015 1065 3084 sermonis
1079 3039 1202 3110 genus3
1216 3015 1307 3109 quod

240 3122 383 3190 otiosum
400 3120 541 3190 fortasse
557 3118 715 3190 lectorem
733 3122 842 3191 minus
860 3119 965 3210 fallit,
986 3121 1174 3191 audientem
1195 3137 1306 3192 trans-

241 3213 350 3314 volat,
372 3251 435 3298 nec
460 3226 540 3295 dum
563 3242 733 3322 repetatur
765 3241 942 3322 exspectat.
969 3221 1128 3310 (Scilicet
1155 3228 1220 3298 hoe
1239 3253 1307 3298 non

235 3335 275 3402 in
294 3333 433 3404 historia
449 3333 621 3408 vitandum
643 3359 731 3421 esse,
752 3334 809 3406 sed
832 3337 866 3404 in
890 3337 1042 3407 oratoriis
1062 3335 1309 3406 narrationibus

241 3439 340 3509 docet
358 3433 618 3532 Quintilianus).

625 3593 743 3679 Iners,
766 3614 855 3680 vin,
884 3587 917 3662 3.

293 3750 365 3818 Nec
394 3749 502 3818 minus
533 3763 614 3818 noto
637 3749 809 3820 Sallustius
837 3752 1072 3849 epigrammate
1104 3753 1308 3822 incessitur:

324 3899 366 3968 Et
381 3897 478 3962 verba
489 3899 623 3986 antiqui
639 3899 780 3966 multum
794 3901 904 3971 :fiarate
924 3901 1073 3978 Catonis,

391 4005 520 4093 Crispe,
537 4005 742 4096 lugmthinae
761 4005 912 4077 conditor
931 4007 1085 4075 historie.
