2938 4654
625 387 924 459 sucu-urus.
1171 358 1173 366 ’
1216 405 1293 478 ²79

223 515 360 604 vestris,
377 543 458 588 num
480 518 513 588 id
535 533 665 589 mutere
683 517 801 598 melius
819 520 876 608 sit,
894 519 921 588 si
942 541 1041 614 quem
1060 539 1101 585 ex
1117 513 1174 584 illo
1193 513 1292 609 globo

222 620 402 695 nobilitatis
417 626 553 716 adhoc,
567 641 625 696 aut
638 625 726 696 aliud
744 625 810 696 tale
827 627 999 722 negotium
1017 624 1172 710 mittatis,
1185 622 1292 692 homi·

222 750 299 798 nem
316 734 437 803 veteris
454 736 616 830 prosapiae
635 757 674 806 ac
692 733 873 804 multarum
892 733 1095 828 imaginum,
1116 744 1151 799 et
1171 727 1292 800 nullius

222 836 398 930 stipendii:
415 840 541 912 scilicet
559 855 597 910 ut
619 842 654 912 in
669 856 763 912 tanta
780 865 834 928 re,
845 842 980 936 ignarus
998 840 1168 925 omnium,
1186 836 1291 934 trepi-

222 937 292 1031 det,
312 945 459 1036 festinet,
474 963 584 1020 sumat
603 948 746 1044 aliquem
761 973 802 1018 ex
816 946 942 1044 populo
960 947 1159 1016 monitorem
1179 941 1290 1012 officii.

220 1046 273 1116 Ite
290 1050 486 1149 plerumque
507 1058 634 1145 evenit,
656 1071 695 1126 ut
711 1079 811 1152 quem
829 1079 889 1124 vos
907 1055 1071 1150 imperare
1087 1051 1246 1146 jussistis,
1265 1052 1291 1118 is

219 1155 282 1224 sibi
295 1159 530 1254 imperatorem
544 1161 645 1234 ulium
659 1178 794 1258 quaerst.
810 1164 919 1258 Atque
933 1186 997 1257 ego
1012 1156 1110 1247 scio⁹,
1127 1157 1290 1248 Quirites,

218 1263 293 1353 qui,
305 1281 481 1363 postquem
500 1269 653 1342 consules
670 1270 749 1342 fecti
769 1284 861 1357 sunt,
871 1282 946 1338 actu
967 1267 1130 1360 majorum
1146 1278 1181 1334 et
1196 1266 1290 1334 Grae·

220 1391 337 1440 corum
360 1373 513 1446 militaria
531 1391 696 1473 praecepta
717 1376 827 1473 legere
844 1376 1020 1471 coeperint,
1036 1373 1187 1442 homines
1205 1393 1289 1465 proe·

218 1481 361 1568 posteri,
380 1505 458 1551 nam
486 1507 617 1578 gerere,
639 1507 740 1579 quum
761 1483 853 1572 fieri,
881 1497 1031 1578 tempore
1049 1479 1231 1576 posterius,
1253 1499 1289 1544 re

218 1715 276 1752 esse
297 1701 384 1772 plebi,
405 1703 494 1777 ipsum
512 1703 576 1758 belli
596 1701 733 1758 Numidici
776 1716 907 1758 reton—
918 1701 1079 1776 Trepidet.1n
1088 1700 1168 1753 rebus
1182 1693 1289 1769 agendis

219 1777 318 1834 ducem
344 1783 460 1857 elegisse.
483 1783 577 1840 Monet
598 1804 656 1839 rem
677 1803 733 1838 non
775 1781 1027 1856 trepideetinoerte
1039 1793 1128 1835 mente
1140 1790 1290 1832 estnec-

220 1859 317 1916 melius
329 1861 543 1920 administratum
555 1865 605 1932 iri,
619 1866 641 1920 si
654 1865 733 1920 alicui
776 1862 893 1918 Festinat.
914 1863 947 1916 In
968 1862 1064 1916 melem
1084 1873 1210 1934 portem,
1231 1855 1286 1912 vid.

219 1941 355 1996 nobilium
365 1945 585 2000 committeretur.
594 1946 677 2000 -Id
684 1965 734 1998 mu·
776 1943 855 1998 cuit
870 1943 949 1998 XXV
952 1942 993 2010 11,
1004 1962 1033 1996 n.
1049 1938 1291 1995 rr.-Sumatalr'-

223 2032 284 2074 rare.
293 2023 436 2080 Decretum
445 2040 562 2080 restrum
573 2023 732 2080 rescindere.
776 2043 857 2097 quem,
868 2035 918 2077 etc.
926 2023 985 2077 Hoc
995 2023 1023 2075 in
1033 2021 1172 2075 Metellum
1181 2019 1289 2090 oblique

220 2098 302 2155 Putet
314 2103 440 2158 Kunerdt
455 2104 592 2160 ubundsre
606 2105 663 2160 bec
676 2124 734 2158 rer·
774 2106 874 2175 jectum
885 2101 1004 2169 videtur,
1015 2119 1096 2172 quem
1107 2099 1161 2153 suis
1171 2097 1289 2152 consiliis

221 2179 280 2248 ¹²¹5
306 2185 403 2239 senties
426 2199 515 2240 temen
539 2203 733 2259 supervacanee
776 2183 878 2256 eguisse
891 2181 1033 2236 criminose
1047 2179 1142 2252 arguit.

222 2278 278 2316 non
291 2282 361 2331 esse,
370 2265 392 2319 si
400 2283 458 2320 rem
466 2265 503 2320 its
515 2267 618 2340 cupies:
634 2292 646 2314 ι
655 2265 734 2319 Certe
818 2283 845 2334 9.
857 2264 940 2335 Atque
948 2281 994 2333 epo
1005 2264 1083 2314 scio...
1092 2262 1146 2333 qui,
1157 2270 1205 2310 etc.
1217 2255 1289 2310 Nori

221 2340 252 2392 in
267 2343 362 2398 melius
380 2364 423 2399 res
441 2358 542 2400 mutet·
557 2365 612 2400 non
628 2347 694 2413 erit,
711 2344 733 2399 si
776 2361 825 2416 ego
842 2341 1200 2413 hominesqui...—Legere
1215 2357 1289 2408 crepe·

222 2437 303 2491 quem
322 2441 354 2476 ex
372 2425 420 2479 illo
439 2426 519 2498 globo
538 2427 684 2480 nobilitatis
699 2425 733 2479 ed
776 2428 834 2478 rint.
848 2423 919 2494 Ergo
931 2441 986 2475 non
999 2439 1049 2474 usu
1064 2431 1144 2492 etque
1153 2417 1289 2472 laboribus

221 2500 312 2558 boc...
338 2507 474 2578 negotium
500 2506 618 2562 mittetis.
645 2533 656 2554 ι
682 2507 734 2561 Per
775 2495 1289 2566 militiemdidirerunt3sedneexlibris

220 2594 404 2656 contemptum
419 2583 499 2652 dicit,
511 2608 542 2641 er
553 2588 596 2640 s'llo
604 2586 733 2657 [lobn-
776 2581 885 2656 quidem
894 2579 1289 2652 antediseerecogitent,quum

222 2661 319 2716 Veteris
324 2670 454 2738 prosapie.
465 2667 560 2722 Cicero
568 2667 597 2722 in
608 2667 710 2721 Timeo
723 2705 732 2734 ,
775 2665 897 2718 consules
904 2661 1029 2718 lectisint.
1037 2661 1291 2729 -Homr'rresproepo-

221 2761 265 2812 Η,
274 2757 301 2797 et
312 2745 426 2812 Quintil.
438 2758 468 2814 t,
482 2751 515 2814 6,
526 2760 553 2801 et
562 2765 632 2814 vm,
642 2747 668 2814 3,
674 2767 734 2819 pru·
775 2748 841 2797 steri.
848 2743 903 2810 Qui
913 2761 1004 2798 rerum
1013 2739 1135 2794 ordinem
1142 2740 1289 2804 invertunt,

220 2827 313 2894 ιφὶωπ
336 2837 470 2881 vetustum
493 2828 651 2882 vocabulum
677 2847 733 2882 erse
775 2838 802 2878 et
820 2828 939 2896 posternis
959 2823 1083 2888 fuciunt,
1103 2817 1177 2893 quod
1193 2831 1289 2872 natura

221 2918 408 2978 monent3qno
414 2909 512 2962 rectius
521 2907 566 2962 bic
576 2919 733 2979 usurpetur,
772 2908 842 2976 prim
856 2915 903 2958 est.
916 2905 1081 2975 Proeposterus
1090 2901 1163 2954 enim
1177 2918 1209 2952 ex
1223 2897 1288 2951 due·

221 2983 245 3038 si
263 2985 411 3040 attendere
431 3006 486 3060 quo
507 3001 534 3042 et
556 2989 585 3042 in
600 3005 675 3061 quos.
692 3019 733 3038 -·
774 2985 825 3038 bus
834 2982 1288 3058 propositionibusproeetportccm·

222 3063 357 3120 Malim
370 3071 508 3138 inquom.
522 3070 562 3122 De
573 3067 733 3140 imaginibus
774 3065 894 3138 ponitur.
907 3096 948 3108 —
958 3065 1024 3118 Nam
1035 3082 1118 3134 gerere
1129 3081 1200 3132 quam
1207 3058 1270 3132 fieri
1277 3097 1285 3122 ,

220 3142 285 3198 vide
300 3147 377 3201 carss.
393 3149 437 3213 V,
449 3168 476 3202 n.
494 3169 519 3204 ι.
533 3149 595 3216 Quo
608 3148 732 3221 plurcsin
774 3158 825 3200 etc.
843 3145 912 3200 Nem
930 3163 1022 3216 gerere
1035 3141 1202 3196 consulatum
1217 3153 1289 3192 tem·

221 3225 297 3280 striis
311 3229 535 3295 numerabuntur,
550 3248 583 3284 eo
598 3229 733 3300 antiquior
774 3225 849 3298 poris
857 3223 952 3278 ordine
962 3227 1092 3295 posternas,
1107 3219 1154 3274 sed
1167 3239 1197 3272 re
1210 3232 1291 3291 atque

223 3317 280 3358 eret
296 3305 414 3362 bominis
433 3309 567 3364 nobilitas.
580 3340 621 3352 -
633 3309 732 3364 Nullus
776 3326 826 3359 usu
836 3309 906 3376 prius
917 3316 954 3376 est
962 3342 971 3369 ,
980 3322 1060 3376 quem
1074 3301 1132 3354 fieri
1140 3301 1286 3354 consulem.

222 3387 342 3457 rependit.
356 3388 412 3454 Qui
424 3389 529 3444 nullum
540 3389 569 3444 in
582 3387 673 3444 castrii
685 3387 732 3442 sti·
776 3386 814 3438 Ut
826 3385 878 3440 hoc
886 3384 986 3456 copies,
998 3383 1036 3435 sic
1050 3394 1136 3434 totum
1146 3398 1286 3451 argumen-

220 3464 352 3536 pendium
364 3469 472 3522 meruit.
479 3471 539 3524 Jsm
551 3469 622 3522 enim
631 3469 734 3522 nobiles
776 3478 834 3518 tum
845 3476 966 3536 repetere
980 3461 1090 3515 attinet:
1106 3487 1116 3507 ι
1134 3459 1188 3526 Qui
1201 3459 1290 3512 officie

209 3545 328 3616 plebem
348 3549 441 3602 militie
461 3551 590 3623 urgebunt
611 3550 662 3623 ipsi
682 3549 733 3602 im·
776 3545 892 3598 consulis
914 3562 969 3596 non
985 3554 1046 3596 ante
1068 3539 1189 3604 discunt,
1208 3557 1288 3612 quern

223 3643 318 3680 mmm
332 3621 410 3702 (sup.
426 3629 517 3694 XLI).
533 3627 668 3686 invidiose
684 3649 733 3701 op·
776 3625 898 3679 consules
913 3623 975 3677 fecti
991 3623 1044 3676 sint
1055 3622 1093 3692 ,ii
1109 3639 1199 3674 rerum
1214 3617 1289 3672 ordi·

223 3707 301 3776 ponit
322 3710 448 3762 multarum
471 3713 626 3780 inepirrum,
645 3711 734 3764 nullius
776 3725 839 3759 nem
854 3705 999 3758 invertunt.
1015 3703 1056 3756 Ex
1070 3701 1112 3756 his
1132 3699 1204 3752 enim
1220 3697 1289 3752 duo-

222 3787 352 3856 “lfflt't's
377 3790 505 3861 queritari
524 3791 646 3844 homines
666 3809 734 3843 vene
776 3787 931 3857 humum
942 3783 1091 3838 cumulatum
1100 3794 1127 3834 et
1132 3779 1192 3851 fieri
1205 3799 1290 3833 consu·

222 3867 377 3938 superbient
399 3869 552 3937 nobilitate,
573 3889 663 3925 rerem
679 3889 734 3924 nou
777 3868 839 3933 lem,
851 3865 971 3939 quumvis
986 3863 1113 3936 temporis
1128 3859 1223 3914 ordine
1239 3877 1291 3914 cx·

222 3943 346 4002 biham.
359 3981 388 3994 ·-
399 3951 515 4021 lgnanon
523 3955 633 4006 omnum.
642 3950 734 4005 Sueo·
777 3965 849 4001 nune
861 3948 980 4018 posterius
992 3945 1040 4010 sit,
1056 3937 1153 4006 (nemo
1169 3941 1240 3994 enim
1249 3958 1293 4013 ge-

158 4039 164 4050 '
223 4045 283 4084 rum
297 4049 357 4102 quse
369 4033 436 4086 scire
448 4029 528 4087 debet
544 4033 631 4086 bonus
649 4031 734 4104 impe·
777 4029 827 4096 rit,
841 4028 982 4099 entequun
995 4023 1077 4078 luerit
1087 4018 1215 4088 electus);
1221 4025 1290 4094 prius

1060 4119 1130 4203 18⁴
