2910 4666
229 390 304 464 316
483 397 521 465 C.
551 393 726 464 CRISPI
754 393 1033 462 SALLUSTII

201 534 206 558 ⁸
226 523 342 597 melius
362 524 487 594 visum²
502 530 646 614 amicos,
661 551 759 621 quam
781 551 911 615 servos,
933 550 1100 621 quaerere:
1120 528 1287 621 tutiusque

226 617 319 718 rati³‚
348 631 559 719 volentibus,
584 658 683 728 quam
714 635 837 702 coactis
865 634 1060 728 imperitare.
1093 632 1166 701 Tibi
1187 619 1286 702 vero⁴

226 736 317 806 nulla
336 741 554 833 opportunior
572 755 685 809 nostra
703 740 846 808 amicitia
861 764 868 806 ε
883 741 1045 833 primurn,
1060 738 1150 832 quod
1171 735 1292 833 procul·

225 843 401 928 absumus,
424 847 458 914 in
487 871 554 940 quo
578 845 712 916 ollensae
741 847 943 932 minumum,
963 847 1067 939 gratia
1091 869 1171 939 par,
1194 869 1233 914 ac
1260 845 1287 912 si

226 974 331 1044 prope
352 950 539 1020 adessemus
554 978 561 1020 :
577 951 674 1038 dein,
686 951 775 1046 quod
793 965 946 1045 parentes
963 950 1093 1019 abunde
1110 951 1287 1036 habemus,

226 1057 406 1126 amicorum
443 1083 549 1152 neque
577 1059 690 1144 nobis,
716 1081 822 1151 neque
849 1059 1002 1151 cuiquam
1026 1059 1174 1126 omnium
1202 1057 1286 1126 satis.

225 1162 333 1256 Atque
352 1163 416 1233 hoc
434 1166 559 1234 utinam
578 1189 598 1232 a
614 1165 778 1259 principio
793 1163 852 1231 tibi
870 1159 1062 1257 placuisset!
1080 1163 1234 1232 Profecto
1245 1185 1290 1230 *ea

225 1291 261 1337 re
275 1267 395 1340 adhoc
409 1284 539 1366 tempus
555 1269 660 1339 multo
673 1268 768 1364 plura
781 1269 870 1338 bona
882 1271 1078 1363 accepisses,
1090 1293 1189 1363 quarn
1204 1266 1290 1338 mals

225 1399 400 1470 perpessus
421 1401 465 1445 es.
497 1377 561 1446 Sed
588 1377 744 1470 quoniam
762 1375 993 1452 ,humanarum
1017 1400 1128 1452 rerum
1155 1375 1289 1444 fortuna

269 1579 294 1612 2.
309 1560 404 1631 Populo
420 1579 517 1612 mmono
525 1565 580 1630 jam
591 1580 607 1611 a
616 1564 735 1632 prlrwrpio
780 1559 843 1612 Haec
857 1571 896 1612 est
909 1572 1036 1630 perpetua
1048 1561 1103 1629 ejus
1115 1557 1288 1613 consuetudo.

227 1637 310 1690 melius
331 1643 417 1692 ouum.
435 1637 534 1692 Omnes
555 1640 639 1692 nostri
661 1639 735 1693 MSS.
822 1639 849 1693 3.
876 1641 1006 1712 Tatiusque
1031 1643 1088 1692 rati.
1111 1637 1194 1710 Supp.
1218 1649 1288 1691 sunt.

220 1719 275 1786 jam
297 1737 313 1767 a
331 1721 451 1788 principio
469 1721 535 1788 inopi
551 1719 632 1770 melros
649 1723 736 1772 vuum.
780 1716 1289 1792 HirquoqueCortius,sedexduobus

227 1797 267 1848 Ex
285 1799 364 1868 inopi,
383 1796 491 1869 Bipont.
511 1797 573 1850 facit
591 1799 736 1869 reipublice.
780 1798 869 1864 MSS,
881 1797 952 1852 delet
964 1818 1021 1870 que,
1033 1796 1105 1870 quod
1118 1797 1218 1850 habent
1232 1817 1291 1849 om·

227 1874 343 1942 Quidam
363 1877 484 1930 Cortiani
505 1877 632 1930 omittunt
653 1882 720 1950 inopi
725 1900 736 1942 ,·
780 1897 827 1931 nes
840 1878 932 1932 nostri.
947 1877 975 1931 Si
988 1897 1048 1930 cum
1063 1877 1109 1930 illo
1121 1878 1205 1949 legas,
1217 1881 1290 1929 tutius

228 1957 344 2027 optime,
358 1969 387 2008 ut
400 1958 504 2028 opinor.
520 1957 627 2028 Quippe
638 1958 677 2011 nil
689 1960 737 2011 mi·
780 1963 840 2021 rati,
855 1957 884 2011 id
895 1957 993 2013 habere
1005 1957 1105 2029 poteris
1116 1958 1289 2014 drmloutor.

226 2055 287 2088 rum
305 2049 344 2089 cst
360 2037 457 2090 amicos
474 2041 550 2110 quoeri
564 2037 595 2088 ab
610 2041 695 2109 impu
711 2052 738 2092 et
779 2037 1172 2110 qualiapluraattulimus,sup.
1183 2037 1249 2101 1,n.
1262 2055 1287 2106 7.

227 2135 304 2169 servos
312 2117 354 2168 vel
365 2117 386 2170 si
399 2117 511 2170 maxime
521 2131 650 2189 quaereret
660 2123 734 2190 inops,
780 2116 876 2184 Quoad
888 2117 1056 2183 sententiam,
1066 2117 1136 2170 conl.
1148 2116 1206 2169 Liv.
1221 2134 1291 2181 rur,

227 2193 336 2250 difficile
343 2197 462 2268 profecto
471 2198 589 2250 haberet.
600 2198 660 2270 Ipse
670 2198 737 2251 Cor·
785 2198 818 2251 13
830 2217 836 2250 :
855 2225 866 2245 «
882 2195 914 2249 Id
926 2197 1106 2250 firmissimum
1117 2197 1194 2266 longe
1205 2196 1290 2267 impe-

227 2275 296 2328 tius:
307 2277 403 2347 Populo
415 2297 513 2329 mmcno
519 2279 573 2347 jam
584 2280 650 2348 inopi
659 2283 738 2332 vicmo
781 2278 852 2330 rium
862 2290 913 2342 est,
924 2296 978 2348 quo
985 2274 1137 2329 obedientes
1145 2273 1287 2347 gaudent.-

227 2359 410 2429 amicos,qrmm
417 2363 507 2419 seroosss
519 2375 638 2429 querere,-
647 2357 676 2411 id
684 2372 738 2428 est,
822 2363 848 2421 d.
876 2357 933 2410 Tibi
954 2375 1021 2409 uem.
1042 2359 1114 2409 Duas
1133 2356 1186 2408 huc
1206 2373 1291 2427 usque

221 2437 349 2503 jamtum,
361 2457 432 2509 quum
445 2441 511 2508 inops
523 2449 593 2489 emt:
605 2439 686 2508 magis
699 2451 738 2492 to·
780 2437 896 2490 rationes
907 2436 1008 2500 attulit,
1017 2455 1064 2489 cur
1073 2435 1185 2488 Romani
1197 2453 1292 2506 parem

227 2515 331 2568 lerahili
351 2535 445 2581 sensu;
464 2515 511 2568 sed
531 2519 613 2588 quum
636 2517 737 2588 aliquid
780 2536 842 2569 eum
858 2516 962 2569 Boccho
976 2517 1069 2568 malint
1084 2533 1091 2568 τ
1109 2505 1134 2568 1⁰
1147 2514 1209 2586 quia
1229 2533 1291 2568 cum

227 2591 399 2647 recidendum
410 2597 459 2659 sit,
469 2608 644 2666 praestatcum
657 2597 735 2652 codd.
779 2597 910 2667 Jugurtha
924 2597 1002 2648 simul
1021 2613 1081 2648 eum
1100 2594 1222 2666 persequi
1234 2613 1291 2648 non

227 2673 345 2727 recidere
371 2678 452 2745 mopi,
473 2693 553 2746 quam
573 2695 590 2726 a
607 2679 735 2748 principio.
780 2687 926 2746 cogentum
953 2665 980 2730 2⁰
1001 2675 1063 2748 quia
1089 2693 1228 2727 romanum
1252 2687 1293 2728 eet

228 2753 356 2806 Praeterea
371 2753 491 2818 Cottius,
505 2773 553 2806 suo
566 2773 654 2822 more,
667 2755 737 2810 delet
782 2755 879 2807 amicos
888 2793 896 2817 ‚
905 2773 985 2826 φιιιιι
1000 2773 1104 2818 servos,
1114 2755 1201 2807 malle.
1210 2755 1292 2808 Nunc

228 2829 738 2903 mluu;utineompluribuslocis(ver-
781 2853 827 2887 sua
847 2853 936 2905 regem
960 2835 1074 2887 utilitate
1094 2833 1226 2886 hortatur.
1249 2863 1291 2877 -·

228 2912 256 2964 hi
269 2931 307 2983 gr.
319 2912 376 2964 Cat.
390 2912 736 2980 lx,xx‚L11,erc.)‹le-
782 2915 812 2966 In
835 2933 882 2986 quo
904 2915 1004 2981 ossensoe
1026 2919 1162 2967 minumum.
1182 2914 1215 2965 In
1235 2931 1292 2986 quo

226 2991 290 3044 levit
300 2995 388 3061 magis,
398 2991 736 3059 nullo'fretusouctoritate,
780 2993 870 3045 nullus
883 2994 982 3046 mutuis
999 2993 1192 3046 offensionibus
1207 2993 1291 3046 locus.

227 3071 279 3124 nisi
295 3069 367 3141 quod
383 3071 439 3124 hrec
449 3071 564 3143 ellipsis,
577 3071 649 3143 apud
660 3074 736 3127 Grae·
780 3103 821 3115 --
834 3072 924 3126 Gratia
940 3093 996 3144 par.
1017 3075 1050 3126 ln
1067 3071 1161 3125 eodem
1180 3072 1291 3126 honoris

228 3169 272 3203 cos
286 3151 423 3222 frequens,
439 3151 541 3204 Latinis
554 3171 609 3204 non
625 3154 736 3207 omnino
780 3165 807 3206 et
827 3153 916 3224 gratia
935 3153 995 3206 loco
1016 3151 1087 3224 apud
1106 3171 1156 3205 nos
1173 3153 1233 3206 eris.
1250 3183 1292 3196 -

228 3231 343 3283 insolens
357 3244 421 3284 erat.
432 3232 518 3284 Allert
528 3232 599 3284 enim
612 3251 643 3285 ex
656 3234 735 3287 Clau·
780 3233 904 3286 Parentes.
928 3233 1044 3305 Populos
1065 3231 1143 3285 nobis
1159 3229 1290 3285 subditos.

227 3309 322 3376 diano,
337 3311 413 3365 Eutr.
429 3330 470 3379 11,
487 3319 541 3375 ²⁰4
555 3329 562 3364 :
780 3343 821 3356 —
834 3313 973 3366 Amicorum
986 3331 1060 3384 neque
1071 3311 1149 3372 uobis.
1164 3323 1213 3364 etc.
1230 3310 1291 3365 Hoc

305 3397 442 3452 concessoque
451 3399 499 3452 cipit
506 3399 576 3438 vixisse
585 3399 666 3440 eotenus
780 3390 867 3450 addit,
878 3405 907 3445 ut
916 3411 962 3446 rex
972 3391 1035 3445 lude
1043 3391 1148 3462 colligat
1155 3393 1290 3444 3011111101

227 3467 462 3522 sputaminum.
780 3470 1290 3544 fidosbonosqueamicossibilore.-

226 3547 357 3622 Sedquod
370 3555 446 3622 magis
459 3551 735 3624 omittiponrit,ideo·
780 3552 863 3624 Atque
877 3553 929 3603 lior.
939 3551 980 3605 Sc.
992 3569 1083 3624 paoem
1095 3567 1174 3623 quam
1188 3550 1290 3603 bellum

227 3649 261 3682 ne
289 3643 391 3684 constat
417 3631 568 3684 Sallustium
594 3633 735 3699 omisisse,
779 3631 865 3684 malle.
882 3664 923 3674 -
942 3633 1022 3700 Quam
1037 3633 1101 3684 mala
1112 3649 1237 3701 perpessus
1254 3649 1289 3684 es.

226 3727 309 3780 quum
328 3723 476 3782 repugnent
496 3710 593 3764 MSS?
611 3713 735 3764 Commo-
780 3712 854 3764 Cort.
870 3723 896 3763 et
905 3711 989 3764 nostri
1000 3710 1074 3764 MSS.
1083 3729 1208 3782 perpessus
1217 3729 1288 3762 esses.

228 3787 293 3842 dum
313 3809 375 3843 sane
395 3803 435 3842 est
454 3791 548 3843 Cortio
568 3790 683 3861 aliquam
703 3811 735 3844 ex
779 3789 832 3842 Sed
850 3791 956 3844 (lortius
973 3795 1064 3844 monet
1081 3791 1110 3843 in
1130 3787 1290 3861 quibusdam

228 3867 316 3941 aliquo
324 3872 382 3924 loco
392 3887 484 3923 vocem
492 3870 596 3934 tollere,
604 3882 630 3922 et
638 3869 736 3924 deinde
779 3871 831 3941 legi
844 3889 869 3924 es
876 3892 887 3933 ,·
895 3871 924 3924 in
937 3871 1006 3936 eliis,
1017 3883 1054 3922 est
1061 3891 1073 3934 ,·
1083 3867 1155 3924 unde
1166 3870 1291 3941 conjicit,

228 3965 258 4001 ex
269 3949 391 4004 hocloco
403 3951 431 4002 in
441 3963 541 4004 ceteros
552 3961 736 4021 argumentum
776 3969 901 4022 perpessus
908 3951 980 4004 nude
987 3949 1136 4022 legendum.
1146 3949 1247 4022 Utique
1253 3969 1288 4011 es,

227 4039 333 4098 petere,
353 4042 383 4084 ut
403 4029 465 4084 inde
487 4049 593 4102 quoque
608 4029 734 4083 tollatur!
779 4031 831 4084 nisi
846 4031 957 4102 legitur,
973 4031 1086 4102 intelligi
1099 4027 1187 4086 dehet.
