2922 4642
246 386 320 431 xxx
445 361 708 430 VETERUM
738 358 1091 428 SCRIPTORUM

660 538 773 623 lusu,
793 559 832 624 y,
862 560 890 606 1.

297 696 452 783 Quatuor
470 708 547 762 sunt
566 718 686 788 genera
708 693 839 763 dicendi
861 719 868 762 :
890 694 1081 786 copiosum,
1104 693 1137 759 in
1162 717 1229 786 quo
1252 696 1306 763 Ci-

241 825 320 870 cero
340 799 544 888 dominatur;
557 799 676 887 breve,
689 803 723 869 in
737 825 804 895 quo
822 799 993 870 Sallustius
1012 811 1146 894 regnat3
1166 801 1304 888 siccum,

243 906 335 1000 quod
356 907 515 976 Frontoni
536 906 757 992 adscribitur,
782 908 906 1004 pingue
926 921 960 974 et
988 905 1159 993 floridum,
1182 908 1217 974 in
1238 931 1306 1000 quo

184 1085 189 1092 ,
243 1012 367 1082 Plinius
380 1013 551 1082 Secundus
561 1013 743 1108 quondam,
756 1029 790 1082 et
801 1039 906 1102 nunc,
919 1011 1011 1082 nullo
1020 1027 1171 1083 veterum
1182 1014 1307 1101 minor,

243 1133 355 1190 noster
371 1120 588 1214 Symmachus
604 1119 797 1190 luxuriatur.
1229 1130 1233 1137 ’

501 1308 701 1396 Ausonius,
721 1330 759 1378 tu
787 1307 1042 1378 Paorarrmco.
1124 1296 1127 1303 ’

297 1463 383 1534 Vide
396 1466 520 1534 Histor.
538 1467 667 1560 Fragm.
690 1463 744 1533 lib.
765 1489 798 1554 r,
818 1489 850 1532 n.
875 1489 914 1554 α,
934 1491 968 1560 p.
993 1461 1079 1550 345.

303 1653 474 1722 Srooruus
500 1673 756 1738 monuments,
783 1675 822 1720 rrt
850 1654 1036 1722 Praeerat
1062 1654 1248 1723 Asrrsmr

691 1759 861 1828 Accusat.

311 1912 387 1994 Qua
403 1911 534 2000 Crispus
550 1911 705 1976 brevitate
723 1913 845 2002 placet,
856 1935 923 2002 quo
939 1911 1083 2004 pondere
1097 1913 1217 2004 Varro,

311 2018 389 2101 Quo
407 2019 502 2108 genio
518 2017 671 2101 Plautus,
685 2042 752 2108 quo
771 2018 904 2084 flumine
920 2021 1153 2104 Quintilianus,

310 2125 385 2208 Qua
401 2147 521 2215 pompa
537 2125 684 2206 Tacitus,
698 2148 868 2216 nunquam
883 2129 951 2192 sine
963 2125 1059 2191 laude
1074 2125 1267 2215 loquendus.

527 2305 729 2392 Arctatus,
757 2327 795 2376 ru
822 2307 1021 2376 Aronoctrt.

297 2463 412 2558 Neque
422 2465 507 2532 Cato
517 2465 712 2557 gravitatem
723 2466 988 2560 requirit,neque
996 2463 1115 2540 Laelius
1127 2465 1308 2554 levitatem,

247 2593 354 2662 neque
369 2569 543 2638 Gracchus
561 2569 816 2662 impeturn,nec
834 2571 946 2640 Caesar
964 2571 1123 2661 calorem,
1134 2596 1196 2642 nec
1218 2577 1307 2641 Hor·

246 2676 369 2744 tensius
396 2674 679 2761 distributionem,
704 2699 765 2743 nec
792 2673 916 2746 Calvus
935 2681 1094 2772 argutias,
1120 2704 1182 2748 nec
1204 2680 1307 2775 parci·

245 2782 393 2852 moniam
408 2777 598 2868 Sallustius,
617 2804 678 2850 nec
697 2779 900 2876 opulentiam
919 2785 1048 2854 Cicero.

416 2985 548 3056 Fessus
574 2983 751 3072 Aturus,
776 3007 817 3058 ru
844 3007 917 3058 ona
945 3010 1142 3061 neutrius.

422 3153 650 3244 lntemogasti,
668 3155 695 3220 si
712 3171 818 3234 tenes,
838 3157 977 3222 Maeotici

421 3261 509 3326 Situs
526 3261 599 3352 quis
615 3277 698 3325 esset
713 3263 872 3350 aequoris:
892 3265 1079 3331 Sallustium

421 3367 543 3431 Noram
562 3365 595 3430 id
614 3365 757 3445 dedisse,
776 3367 861 3432 diota
878 3386 911 3433 et
929 3371 997 3452 ejus
1016 3371 1169 3439 omnibus

422 3471 640 3550 Praejudicatae
657 3476 855 3541 auctoritatis
871 3474 983 3540 ducier

422 3577 499 3642 Non
517 3577 710 3644 abnuebam.
729 3579 779 3644 Ad
795 3582 863 3661 ejus
879 3582 979 3671 igitur
996 3584 1148 3673 inclytam

421 3681 679 3770 Descnpnonem
696 3686 784 3774 (qua
799 3689 947 3754 locorum
965 3689 1139 3758 formulam

422 3789 683 3878 Imaginemque,
703 3815 870 3881 expressor
886 3793 998 3858 efficax
1016 3795 1090 3883 styli

421 3895 464 3959 Et
479 3895 637 3972 veritatis,
656 3919 739 3986 pene
757 3899 790 3961 in
807 3899 943 3966 obtutus
958 3899 1049 3964 dedit

351 3989 353 3994 ’
421 3999 545 4089 Lepore
562 4001 703 4092 linguae)
719 4005 822 4072 multa
838 4028 948 4078 rerum
963 4005 1142 4086 junximus.
