2942 4662
227 233 301 362 536
496 289 672 358 VARIAE
705 289 1011 368 LECTIONES

226 419 325 486 nostri,
345 437 419 491 aeque
436 436 481 487 ego
490 436 544 470 eos.
564 417 587 469 E
596 455 604 482 ,
618 437 692 490 mque
701 435 759 480 uos,
774 417 871 470 omisso
879 435 925 486 ego
935 437 944 468 :
959 417 1028 470 Item
1038 433 1107 469 unus
1116 433 1132 468 e
1140 416 1286 482 cortinam

226 501 305 565 alter,
322 518 395 570 aeque
412 516 470 566 ego,
486 495 643 549 deleto'oos·

268 580 332 632 Car.
354 577 469 630 XXXII.
490 577 555 628 Hcee
574 589 645 649 atque
661 577 711 629 alia
723 576 882 646 hujuscemodi
896 595 957 646 saepe
976 576 1087 650 dicundo
1101 576 1214 630 blaverc.
1226 597 1287 647 sepe

227 657 378 722 indicenda,
396 659 485 728 sicque
500 670 614 728 quatuor
629 656 721 710 nostri.
738 655 813 708 Solus
828 657 865 720 B,
888 675 950 726 sape
968 657 1076 708 diceudo.
1095 656 1203 710 Cortius
1217 670 1289 710 recte

129 783 133 790 .
226 736 412 789 animadvertit
424 738 515 789 solitos
529 737 607 790 luisse
619 737 740 790 librarios
754 737 968 807 praepositionem
980 741 1006 788 irs
1020 749 1093 790 sexto
1107 737 1178 790 casui
1193 734 1290 808 adjun-

226 835 303 888 gere,
316 817 540 888 interpretationis
559 835 652 881 causa,
666 829 744 888 atque
765 816 802 868 ita
818 834 849 868 ex
864 816 973 869 vocibus
992 817 1117 888 separatis
1133 819 1158 868 ir
1172 816 1290 884 damah,

224 909 315 949 natum
327 915 382 950 csse
395 897 527 950 indicendo.

264 979 375 1048 Eumque
376 1016 433 1030 ......
455 978 554 1029 Romam
570 977 673 1030 datcem.
689 977 796 1030 Curtius
811 976 908 1029 frustra
924 975 1008 1034 delet,
1023 995 1127 1049 eumque.

264 1057 303 1108 At
324 1058 436 1118 Cassius,
455 1059 551 1126 perlata
567 1060 697 1126 rogatione.
721 1055 832 1110 Haverc.
854 1069 883 1106 at
898 1055 996 1108 Cassius
1013 1069 1119 1127 praetor,
1133 1056 1230 1126 perlata
1247 1073 1291 1107 ro·

224 1139 330 1206 gatiam.
353 1134 468 1201 Quidam
491 1135 559 1208 apud
579 1137 652 1188 illum
673 1135 748 1188 MSS.
759 1149 852 1206 prator
863 1136 949 1207 populi
970 1140 1069 1187 romani.
1086 1136 1177 1188 Nostri
1190 1136 1233 1200 Δ,
1248 1135 1290 1201 C,

223 1217 263 1280 D,
277 1229 304 1266 at
317 1215 414 1268 Cassius
426 1237 453 1287 p.
471 1237 491 1271 r.
509 1220 633 1287 rogatione
644 1215 739 1287 perlata
747 1235 757 1276 ;
769 1217 807 1282 B,
822 1227 850 1266 at
870 1215 967 1268 Cassius
981 1216 1078 1286 perlata
1093 1219 1218 1286 rogatione
1224 1235 1252 1286 p.
1265 1235 1288 1267 r.

222 1315 239 1348 a
257 1297 319 1348 Caio
338 1297 458 1351 Memmio.
475 1295 556 1363 Quod
570 1297 708 1349 manifesto
721 1307 865 1348 natumst
880 1315 911 1348 ex
927 1314 959 1348 eo
974 1294 1047 1366 quod
1061 1294 1127 1348 duas
1140 1313 1234 1358 νοω,
1247 1315 1289 1345 ro-

221 1389 319 1445 gatione
343 1389 370 1428 et
379 1377 491 1448 perdita,
514 1377 605 1446 primis
621 1389 723 1428 tantum
735 1375 831 1428 litteris
846 1376 875 1428 in
892 1387 965 1428 textu
975 1389 1077 1428 notatas
1089 1415 1098 1440 ,
1111 1375 1206 1445 aliquis
1219 1375 1289 1426 inte·

219 1474 278 1526 gras
298 1457 409 1527 margini
430 1455 612 1524 adscripserit,
628 1453 725 1508 deinde
740 1456 806 1508 alius
818 1456 939 1508 retulerit
951 1456 978 1508 in
993 1468 1111 1520 textam,
1131 1473 1181 1506 neo
1195 1465 1285 1506 tamen

217 1553 244 1604 p.
257 1555 278 1588 r.
295 1534 431 1588 deleverit.
447 1534 598 1588 Notandum
613 1553 719 1606 quoque
733 1547 786 1601 est,
801 1535 829 1588 in
844 1535 941 1588 nostris
955 1537 979 1588 Α
995 1547 1021 1588 et
1042 1536 1065 1589 C
1078 1553 1158 1606 super
1172 1535 1289 1586 litteram

222 1613 369 1686 Paliquem
384 1615 516 1685 scripsisse
536 1615 554 1666 tt
564 1653 570 1674 ‚
591 1629 617 1668 et
634 1633 713 1686 super
728 1615 842 1668 litteram
861 1615 902 1680 R,
921 1618 960 1674 ιιὶ,
976 1615 1167 1685 intelligentem
1189 1615 1290 1667 seilicet

219 1695 305 1764 populi
318 1698 417 1745 romani.
432 1695 518 1746 Unice
536 1713 628 1746 verum
642 1707 696 1760 est,
709 1693 782 1766 quod
795 1713 855 1747 cum
874 1695 967 1748 Curtio
984 1693 1125 1748 edidimus.

262 1773 328 1826 Car.
349 1773 425 1826 XXX
429 1775 476 1826 [ΙΙ.
495 1775 603 1842 Quorum
612 1780 721 1844 potentia
736 1789 778 1826 atat
790 1775 875 1826 scelere
886 1787 971 1826 σακία
983 1787 1098 1844 gesserat.
1116 1773 1160 1826 Sic
1173 1773 1286 1826 Cottius.

221 1851 289 1904 Nam
304 1853 415 1906 Haverc.
430 1857 516 1906 carata
526 1876 554 1906 ea
565 1867 686 1924 gesserat,
701 1874 755 1926 qua
769 1874 842 1925 supra
850 1855 970 1917 diximum
983 1855 1048 1908 item
1062 1853 1145 1908 nostri
1160 1865 1288 1924 quatuoe3

221 1951 282 1984 nam
300 1933 321 1984 B
335 1933 435 1986 onrittit
449 1955 486 1987 ea.
503 1935 615 1987 Plurimi
639 1934 774 1999 Cortiani,
788 1953 839 2006 pro
851 1935 954 1987 diesim
962 1972 970 1996 ,
986 1935 1085 1987 habent
1101 1937 1288 1986 memoravimus.

221 2013 273 2064 Alii
287 2013 321 2065 ita
335 2014 453 2080 variant,
464 2027 495 2067 ut
509 2015 613 2068 nullum
630 2013 743 2067 dubium
758 2015 885 2085 supersit,
901 2015 966 2084 quin
981 2027 1068 2068 toturn
1081 2014 1133 2066 hoc
1144 2033 1160 2065 e
1171 2014 1289 2084 margine

220 2111 249 2144 m
265 2105 365 2145 textum
380 2095 521 2148 transierit.

263 2174 356 2242 Quibus
365 2175 521 2244 juvantibus,
538 2175 666 2246 quibusque
679 2177 793 2225 ministris
809 2178 892 2244 egerit.
907 2174 1017 2226 Haverc.
1034 2193 1064 2224 ea
1081 2177 1165 2243 egerit.
1180 2173 1289 2226 Cottius

220 2271 249 2302 ea
266 2254 369 2324 rejicit,
389 2269 499 2326 propter
521 2253 599 2307 codd.
615 2255 776 2306 varietatem.
793 2253 884 2307 Nostri
905 2272 996 2306 omnes
1016 2265 1160 2324 agnoscunt
1173 2273 1219 2314 ea,·
1235 2253 1288 2306 nisi

220 2331 292 2402 quod
304 2334 332 2385 in
344 2335 367 2385 E
383 2331 442 2387 duae
455 2353 532 2388 voces
550 2355 579 2385 ea
594 2337 670 2403 egerit
678 2372 686 2396 ‚
703 2351 717 2385 a
729 2332 843 2386 secunda
856 2353 937 2387 manu
950 2345 1112 2402 sunt,eraso
1124 2331 1198 2404 quod
1212 2335 1287 2404 prius

220 2412 347 2484 scriptum
363 2414 423 2469 luit.
1396 2453 1397 2459 ,

260 2493 324 2546 Car.
341 2495 498 2548 XXXVIII.
510 2495 630 2549 Subdolus
640 2494 727 2565 augere
739 2495 875 2549 amentiam.
887 2495 1105 2566 Nostriquatuor
1118 2493 1216 2545 subdole
1224 2495 1287 2564 ejus,-

220 2572 308 2636 A,sub
319 2573 382 2626 doio.
397 2575 503 2642 Rivius,
513 2577 665 2642 Manutius,
676 2575 951 2642 Gruterus,Wassius
964 2588 1072 2628 tuentur
1085 2573 1285 2625 cotmpre-

220 2663 289 2703 terea
303 2653 410 2706 Cortius
425 2653 541 2708 duorum
555 2655 630 2708 MSS.
644 2654 697 2710 tide
710 2654 804 2708 recidit
817 2659 875 2726 ejus.

258 2733 299 2782 Ita
319 2733 408 2784 delicta
425 2735 554 2786 occultiora
568 2737 633 2801 sora.
654 2735 718 2788 Haec
736 2737 817 2788 verba
835 2753 885 2806 pro
906 2735 1016 2790 arbitrio
1034 2733 1158 2786 transfert
1176 2733 1285 2784 Cortius

217 2822 296 2880 post,
310 2812 355 2862 aiii
370 2816 440 2882 signo
458 2814 531 2875 dato,
549 2815 625 2866 locum
648 2818 685 2865 uti
707 2815 845 2867 desererent.
864 2816 999 2880 Quorsum
1017 2814 1111 2866 attinet
1125 2813 1285 2878 immutare,

216 2907 299 2960 «quum
314 2909 404 2958 sensus
417 2893 537 2946 constat?

257 2969 317 3022 Noa
329 2981 401 3042 atque
413 2972 500 3040 praeda
510 3011 565 3024 ......
583 2986 703 3024 remorata
716 2988 781 3027 suat.
792 2976 855 3028 Post
865 2973 920 3026 duo
931 2973 1039 3026 nomina
1051 2972 1172 3025 seminini
1181 2969 1285 3042 genesis

217 3049 307 3119 posuit
318 3061 425 3101 neutram
435 3051 552 3121 plurale:
561 3049 622 3104 ideo
634 3052 678 3106 hic
688 3054 762 3108 locus
770 3048 1285 3124 citaturagrammaticis.VidePe1-ia.ad

217 3127 305 3182 Sanct.
319 3129 433 3182 Minerv.
450 3149 480 3195 a,
494 3139 529 3196 4,
545 3151 573 3184 u.
591 3135 617 3186 6.

257 3209 322 3262 Car.
345 3210 475 3264 XXXIX.
495 3212 589 3264 Mederi
599 3213 717 3279 fraternae
738 3213 835 3268 invidia
852 3216 943 3264 animus
954 3211 1062 3265 ardebat.
1077 3211 1189 3266 Havete.
1204 3213 1284 3262 auur·

217 3289 317 3341 ardebat
325 3310 336 3352 ;
352 3290 415 3342 item
426 3293 464 3356 A,
478 3289 509 3344 C.
527 3293 594 3344 Nam
609 3293 649 3358 D,
663 3296 689 3344 irs
698 3296 797 3358 artimo;
812 3293 873 3345 Bet
884 3293 923 3357 E,
938 3295 1039 3346 animas.

256 3369 321 3422 Car.
336 3369 392 3422 XL.
406 3371 485 3439 Qtecm
503 3372 607 3442 iegatron
620 3373 711 3424 Bestiae
722 3391 796 3444 supra
804 3371 1049 3426 docuimiasflavero.
1058 3373 1137 3439 fuisse
1146 3389 1220 3441 supru
1235 3389 1283 3421 me·

218 3453 365 3502 sacravimus.
388 3449 478 3502 Nostri
498 3469 607 3520 omnes,
622 3451 751 3506 docuimus.
768 3453 889 3518 Quatuor
903 3464 1048 3523 agnoscunt
1055 3454 1141 3519 fauisse.
1154 3452 1192 3516 A,
1206 3467 1283 3520 pror·

217 3547 260 3580 sus
275 3542 305 3581 ut
318 3547 379 3582 cum
392 3529 484 3582 Curtio
500 3529 640 3584 edidimus.
727 3589 729 3593 ,

257 3609 321 3662 Car.
343 3609 414 3660 XLI.
431 3608 483 3662 Sed
500 3611 578 3663 ubi...
595 3611 710 3664 meatibus
723 3611 830 3665 decessit.
849 3611 893 3666 Sic
906 3613 946 3678 A,
962 3611 993 3664 C.
1007 3611 1129 3681 Reliqui,
1146 3610 1262 3663 discutit.

255 3688 392 3739 Paucorum
405 3688 505 3740 arbitrio
518 3689 573 3741 belli
585 3690 693 3763 domique
703 3693 852 3762 agitabatur.
864 3687 908 3754 (n.
923 3686 969 3755 8).
984 3691 1027 3744 Sic
1041 3691 1164 3758 flavere,
1176 3689 1284 3742 Curtios

217 3777 244 3817 et
256 3767 341 3820 nostri
357 3770 396 3833 A,
412 3768 450 3832 C,
465 3769 497 3820 D.
512 3769 545 3820 ln
559 3769 582 3820 A
597 3771 804 3843 superscriptum
821 3784 874 3838 est,
890 3771 1051 3843 aspersorium
1070 3769 1160 3823 modim
1174 3770 1212 3833 B,
1228 3769 1286 3820 belli

217 3864 278 3915 resp.
296 3846 404 3918 domique
422 3847 568 3917 agitabatur.
595 3848 634 3914 E,
648 3869 669 3902 r.
687 3870 714 3920 p.
736 3851 797 3904 bello
819 3853 928 3925 domique
948 3851 1096 3923 agitabatur.
1112 3849 1284 3906 Manifestum

217 3937 257 3978 est
273 3943 365 3977 vocem
388 3927 534 3997 respublica,
555 3927 801 4000 interpretationem
823 3951 877 3987 esse
897 3931 1007 4002 alicujus
1023 3929 1143 3997 librarii,
1161 3929 1208 4000 qai
1227 3928 1283 3982 vim

216 4021 271 4057 non
285 4003 446 4076 intelligebat
458 4009 534 4068 verbi
546 4007 693 4078 agitabatur.
