2942 4662
482 339 904 408 euocasrurcus
1143 341 1215 438 559

156 482 185 524 et
208 487 238 522 ea
261 467 295 521 de
319 487 395 522 causa
415 469 485 522 bello
509 469 620 540 piratico
646 487 660 521 a
681 469 792 522 Servilio
816 481 968 540 expugnatas
989 482 1015 522 et
1031 467 1123 524 deleta
1148 488 1216 528 snut.

155 549 270 614 Strabo,
283 566 343 614 xrr;
357 549 413 602 Cic.
428 550 456 601 in
470 550 547 601 Verr.
564 567 601 602 rr.
611 549 733 613 Cunaro,
746 562 772 600 et
784 550 943 602 n'Auvrnts.

199 630 307 694 Orans3
323 629 440 682 monsin
453 628 544 693 Creta,
559 648 587 700 p.
607 631 680 694 445,
692 648 720 682 u.
738 631 784 683 88.

665 793 700 858 Ρ.

195 949 375 1015 Pautanrtnra3
399 969 426 1021 p.
446 949 510 1014 435.
528 937 594 1002 daia
614 949 725 1001 minoris
739 949 828 1020 regio,
847 949 917 1003 inter
936 970 1008 1006 mue
1025 964 1051 1006 et
1066 952 1209 1018 Pisidiam,

153 1030 245 1100 Lyciae
259 1029 354 1081 vicina.

195 1109 407 1172 Psaoararram
420 1128 447 1180 p.
463 1111 529 1172 aas.
548 1109 709 1173 Panormus,
723 1111 786 1161 urbs
799 1107 907 1173 Siciliae,
922 1128 993 1164 nunc
1006 1111 1125 1165 Pelorus.
1141 1115 1212 1168 Alias

154 1189 234 1240 urbes
245 1189 324 1260 hujus
334 1188 450 1240 nominis
461 1188 560 1242 indicat
574 1189 712 1250 d’Aass'lle,
725 1189 753 1240 in
769 1188 865 1260 Epiro,
874 1190 967 1254 Creta,
982 1191 1085 1255 Attica,
1098 1193 1213 1259 Achaia,

153 1281 181 1322 et
196 1267 299 1340 Mysia,
313 1267 347 1320 de
360 1268 457 1338 quibus
467 1269 512 1322 hic
524 1287 579 1321 non
593 1269 687 1339 agitur.
699 1269 845 1322 Panormus
861 1287 893 1321 ex
906 1269 997 1340 granis
1008 1270 1118 1324 vocibus
1131 1270 1213 1325 dedn-

149 1349 225 1400 citur
242 1351 291 1408 πᾶς
308 1357 335 1400 et
347 1349 432 1418 ὅρμος,
452 1350 525 1418 quasi
539 1361 623 1419 portus
639 1353 776 1409 mtversus‚·
792 1353 864 1400 statio
880 1353 904 1400 in
920 1369 991 1420 queam
1008 1350 1110 1420 midique
1128 1370 1212 1403 conoe-

153 1431 227 1478 niunt
240 1447 317 1479 nam.
825 1425 828 1432 ’

194 1506 403 1572 Parnassum
416 1527 442 1578 p.
459 1513 524 1577 447.
538 1509 605 1560 Asin
619 1508 729 1560 minoris
741 1509 827 1578 regio,
837 1507 941 1560 Euxino
951 1509 1019 1560 mari
1030 1506 1166 1579 adjacens,
1179 1513 1212 1564 ab

153 1605 232 1639 amne
243 1587 385 1640 Parthenio
397 1605 478 1658 usque
492 1586 525 1638 ad
537 1587 634 1658 Halym
649 1587 774 1651 fluvium,
784 1588 955 1658 Tauriossque
967 1587 1123 1642 Chersonesi
1138 1590 1212 1642 litto-

152 1666 229 1718 ribus
247 1666 378 1738 opposita.
395 1666 578 1718 Conterminos
591 1685 604 1718 a
619 1665 730 1719 meridie
750 1667 855 1720 Galatas
868 1667 956 1719 habet.
974 1668 1083 1726 Ibifuit
1098 1669 1211 1722 celeber·

153 1745 224 1798 rima
238 1747 302 1798 nrbs
313 1745 411 1817 Sinope
420 1777 428 1805 ,
442 1765 521 1817 quam
530 1765 602 1816 reges
616 1747 694 1799 Ponti
702 1745 791 1799 sedem
802 1747 944 1817 elegerunt.

196 1825 323 1890 Panium
338 1827 402 1878 urbs
414 1826 506 1897 Mysius
521 1823 554 1877 ad
565 1825 782 1897 Hellespontum
793 1846 819 1897 p.
831 1833 886 1888 41²
895 1863 903 1890 ‚
911 1845 938 1878 n.
957 1840 1000 1878 ta.

195 1906 329 1970 Patrem
342 1925 368 1975 p.
388 1906 460 1969 321,
474 1925 501 1958 n.
517 1925 543 1957 a.
558 1905 640 1957 Italia
651 1923 714 1975 gens
729 1907 756 1958 in
771 1907 906 1958 montibus
919 1905 983 1966 sita,
999 1905 1068 1956 inter
1082 1905 1210 1959 Samnites

153 1997 181 2037 et
201 1984 324 2038 Sabinos.
345 1985 419 2055 cujus
433 1998 511 2055 capnt
528 1985 692 2050 Corfinium,
710 1986 812 2038 celebre
831 1983 965 2055 quondam
979 1982 1125 2055 oppidum,
1138 2005 1210 2040 nunc

154 2064 229 2116 vicus
241 2064 350 2117 nornine
365 2065 530 2124 San-Perias,
546 2065 574 2116 in
587 2064 723 2136 provincia
740 2083 799 2135 quse
814 2062 911 2117 dicitur
927 2064 1062 2115 I'Abruzze
1076 2065 1208 2117 aristeum.

195 2145 344 2209 Pamisum
356 2144 569 2215 promontorium
582 2143 692 2208 Sicilia3
705 2163 732 2214 p.
748 2145 822 2208 443,
836 2162 864 2198 n.
876 2145 923 2198 83.

195 2223 286 2276 Pansa
295 2243 336 2294 ;p.
347 2228 412 2294 176.
420 2224 515 2295 Magna
522 2225 658 2294 Asiagens
666 2240 737 2294 qum,
744 2224 889 2294 imperante
897 2224 969 2292 Cyro
976 2263 984 2284 ‚
992 2220 1085 2274 Medos
1092 2224 1208 2294 subegit,

154 2314 183 2356 et
188 2316 327 2374 postquam
338 2301 466 2357 ducentos
475 2305 588 2356 tricem
597 2304 652 2355 lere
662 2321 744 2355 annos
752 2303 781 2354 in
793 2315 850 2355 toto
863 2302 972 2354 Oriente
983 2300 1115 2354 dominata
1125 2304 1208 2369 est,in

154 2381 346 2446 Macedonum,
357 2382 452 2437 deinde
463 2384 492 2435 in
504 2382 663 2436 Parthorum
673 2374 720 2453 (p.
733 2388 788 2445 414
796 2379 807 2444 )
815 2380 942 2434 ditionem
952 2381 1087 2434 concessit.
1100 2379 1151 2433 Sed
1165 2382 1209 2436 bie

154 2461 190 2514 de
206 2463 237 2514 iis
252 2474 354 2530 tanturn
370 2463 470 2534 egitur,
483 2462 529 2533 qni
547 2461 687 2514 Herculem
698 2462 811 2532 Tyrium
828 2461 855 2512 in
873 2461 1026 2531 Hispaniam
1042 2462 1159 2531 sequuti,
1176 2481 1208 2514 eo

155 2543 298 2594 mortno-in
308 2543 424 2595 Africam
435 2543 606 2606 nansierunt,
620 2541 748 2612 mixtique
761 2541 871 2594 Gaetulis
884 2553 966 2593 semet
978 2540 1028 2612 ipsi
1036 2537 1144 2592 demum
1154 2541 1208 2594 Nn·

154 2619 240 2674 midas
256 2621 419 2694 appellavere
437 2617 519 2692 (Jug.
532 2617 657 2682 XVIII).
673 2621 729 2673 IIos
749 2620 838 2674 Persas
853 2619 889 2672 ait
900 2619 1037 2672 Sallustius
1054 2624 1129 2689 magis
1143 2625 1208 2672 intra

156 2699 280 2754 Οσοωιωη
296 2701 458 2766 consedisse,
473 2720 553 2772 quam
569 2699 662 2754 Medos
675 2713 701 2753 et
714 2701 860 2754 Armenios.
878 2698 959 2766 Quod
975 2700 1010 2751 ita
1025 2699 1208 2770 exposuimus,

153 2799 182 2852 p.
198 2799 271 2851 177,
285 2800 312 2832 n.
333 2784 367 2846 8,
380 2795 410 2833 nt
427 2785 492 2832 intra
506 2779 577 2834 idem
588 2782 687 2844 valeat,
701 2779 773 2851 quod
786 2784 847 2832 citra
860 2773 871 2840 (
878 2793 908 2832 ut
925 2778 1063 2851 stepe'lieri
1083 2779 1207 2849 probavi·
1317 2809 1322 2820 ·
1349 2769 1356 2784 ⁸

153 2857 245 2924 mus),
259 2858 403 2932 Medique,
418 2879 472 2913 non
490 2863 589 2927 Persa,
604 2861 742 2932 propiores
759 2879 858 2914 oceano
873 2859 1026 2912 habeantur.
1045 2859 1080 2910 Et
1099 2857 1207 2930 quidem

152 2957 233 2991 nemo
241 2957 358 3011 unquam
368 2941 430 2993 alibi
442 2939 586 3006 Numidas,
597 2960 629 2994 er
640 2940 725 2994 Persis
737 2939 990 3012 genitos,babitasse
1004 2936 1118 3002 audivit,
1128 2957 1207 3010 quam

154 3016 189 3071 ad
200 3019 344 3084 orientem
361 3020 469 3072 Mauros
484 3039 562 3083 vero,
578 3019 718 3074 Medorum
730 3020 813 3085 lilios,
827 3017 861 3071 ad
874 3018 1054 3086 occidentem,
1065 3019 1093 3071 in
1109 3018 1207 3072 Oceani

151 3097 250 3152 littore.
264 3099 345 3171 Atqui
359 3099 489 3152 contraria
504 3118 612 3170 prorsus
622 3101 720 3171 positio
732 3101 828 3162 luerit,
841 3099 864 3150 si
879 3100 963 3152 Persa
978 3097 1088 3169 p'ropius
1101 3098 1206 3150 Oceano

152 3176 243 3230 sedem
254 3179 371 3250 posuisse
385 3179 602 3249 intelligerentur.
614 3179 708 3232 Monet
720 3177 828 3248 quidem
841 3177 977 3229 Sallustius
989 3196 1033 3229 eos
1045 3178 1106 3238 alia,
1122 3177 1206 3228 deinde

153 3257 216 3319 atta,
231 3260 283 3310 loca
295 3257 414 3329 petiisae;
429 3256 475 3310 sed
490 3277 546 3310 non
558 3255 622 3309 dicit
632 3256 721 3310 sedern
735 3268 895 3327 permutasse
909 3275 969 3307 curn
984 3255 1083 3318 Medis,
1098 3255 1206 3308 Mauro·

153 3355 215 3388 rum
231 3339 358 3409 patribus.
372 3339 426 3391 Nos
438 3338 518 3408 igitur
532 3348 616 3389 toturn
628 3335 743 3388 Sallustii
756 3336 844 3388 locum
857 3352 889 3384 ea
904 3351 934 3384 ea
946 3333 1071 3404 opinione
1083 3335 1204 3404 explana·

154 3416 253 3481 simus,
266 3418 365 3470 scilicet
378 3415 471 3470 Medos
482 3418 519 3468 ibi
535 3415 612 3468 initio
624 3412 788 3477 consedisse,
804 3413 850 3465 ubi
866 3429 899 3464 ex
913 3413 986 3464 omni
998 3413 1137 3466 hominum
1150 3431 1206 3465 ine·

153 3496 238 3548 moria
253 3497 340 3550 Mauri
355 3497 478 3561 fuerunt;
493 3496 583 3548 Persas
597 3507 701 3560 autem,
714 3493 761 3544 ubi
774 3489 905 3544 Numidae.
921 3492 956 3544 Et
973 3491 1010 3543 sic
1025 3509 1130 3562 quoque
1148 3511 1204 3544 rem

152 3575 276 3647 intelligit
291 3577 323 3629 ol.
342 3577 435 3629 Barsa
447 3576 480 3628 du
496 3575 607 3646 Bomge,
625 3575 652 3626 in
670 3571 757 3626 indioe
773 3571 955 3643 geographico.
974 3569 1025 3622 Sed
1040 3589 1088 3622 nos
1103 3573 1205 3624 monuit

151 3656 195 3708 rr'r
206 3656 296 3708 multas
304 3654 447 3721 doctrina,
458 3673 508 3708 nec
522 3654 632 3708 minoris
644 3653 827 3717 humanitatis,
843 3667 922 3722 quern
930 3652 984 3722 jain
994 3650 1088 3721 saepius
1096 3651 1205 3704 honoris

152 3747 179 3788 et
187 3735 349 3789 annositatis
361 3753 437 3790 causa
447 3734 655 3796 nominavimus,
668 3735 797 3794 Latmum,
809 3751 839 3784 ex
852 3731 976 3784 Instituta
988 3731 1096 3800 gallico,
1110 3730 1206 3800 gravis·

151 3813 218 3868 sima
229 3815 379 3868 testimonia
389 3815 453 3868 huic
462 3814 596 3868 sententia
606 3813 739 3884 refragari.
749 3814 809 3882 Ipse
821 3811 905 3876 enirn,
915 3808 979 3863 dum
992 3809 1147 3862 Strabonem
1162 3811 1204 3862 in·

151 3906 325 3965 terpretatur,
340 3890 516 3948 eo'dednctus
528 3906 568 3946 eat
579 3904 732 3963 argumento
745 3911 807 3959 suo,
818 3905 864 3956 ut,
878 3891 931 3944 vol.
945 3910 1012 3960 v,p.
1038 3893 1109 3952 460,
1127 3909 1154 3943 n.
1172 3897 1205 3956 4,

150 3974 232 4027 Plinii
246 3975 335 4029 locum
354 3975 475 4040 allatret,
488 3974 549 4045 qui,
563 3991 624 4026 cum
643 3972 771 4025 Strabone
786 3983 964 4042 comparatus,
982 3971 1119 4039 Persarum
1137 3971 1206 4041 posi·

152 4055 253 4108 tionem
264 4055 331 4110 locis.
341 4055 447 4108 Οοειηο
458 4053 615 4125 propinquis
629 4050 753 4106 vindicat.
771 4050 813 4103 Sic
826 4051 897 4104 enim
912 4050 980 4103 Pliu.
999 4069 1032 4112 r,
1049 4051 1065 4100 8
1081 4069 1087 4100 :
1108 4076 1119 4098 ι
1137 4049 1204 4102 Pla·
