2938 4654
210 449 286 522 270
501 423 540 492 c.
569 423 758 496 cursor
792 421 1093 493 statusrn

206 582 313 654 quum
327 557 421 626 Poeni
434 554 532 624 aliam
550 555 793 644 conditionem,
813 554 1044 624 tantummodo
1061 579 1208 648 nquam,
1221 581 1278 651 pe·

209 679 340 752 terent;
363 650 489 734 Graeci⁴
513 664 683 758 optionem
710 609 1032 781 Carlhagiuiensium
1058 659 1201 750 faciunt,
1227 661 1279 732 vel

207 772 360 866 illi,quos
372 769 454 840 fines
464 768 657 866 populosuo
671 783 837 866 poterent,
846 769 931 840 ibi
900 793 966 838 vivi
959 769 1213 853 obruerentur,
1226 767 1277 840 vel

206 879 323 950 eadem
342 877 531 948 conditione
547 902 632 961 sese,
646 903 745 972 quem
765 874 926 946 inlocum
945 873 1087 962 vellent,
1101 900 1279 994 processu·

205 1013 273 1056 ros.
306 983 468 1071 Philaeni,
492 984 681 1054 conditione
709 984 871 1104 probata,
896 1007 996 1077 seque
1019 985 1187 1078 vitamque
1212 985 1279 1052 rci-

208 1091 349 1189 publicae
368 1091 622 1162 condonavere:
642 1107 688 1162 tta
700 1117 769 1160 vivi
761 1091 908 1160 obruti.
926 1089 1253 1184 Cartlraginienses
1245 1115 1279 1160 m

207 1225 249 1270 eo
272 1200 346 1270 loco
374 1197 528 1270 Philaenis
556 1198 718 1270 fratribus
744 1183 839 1272 ιιιιιε5
869 1221 1137 1270 consecravere:
1160 1195 1279 1291 aliique

207 1306 272 1377 illis
291 1306 382 1376 domi
403 1307 574 1376 honores
566 1308 716 1376 instituti.
737 1306 839 1374 Nunc
861 1303 904 1372 ad
925 1329 996 1372 rem
1017 1303 1126 1372 redeo.

262 1415 403 1482 Lxxx.
432 1413 598 1508 Jugurtha
617 1413 939 1507 postquam,amissa
959 1409 1080 1498 Thala,
1093 1407 1179 1477 nihil
1202 1411 1280 1480 satis

207 1499 385 1590 linnurrl
364 1533 481 1588 contra
502 1517 676 1590 Metellum
698 1532 811 1614 putat,
833 1543 894 1613 per
920 1541 1058 1613 ntagnas
1088 1515 1280 1586 solitudines

207 1651 285 1694 cum
304 1627 418 1721 paucis
440 1625 625 1720 profectus,
637 1627 789 1721 pervenit
802 1625 844 1693 ad
858 1623 1011 1695 Gaetu'los
1017 1649 1146 1719 ,genus
1168 1623 1280 1693 homi-

209 1757 291 1802 num
313 1732 419 1802 ferum
442 1731 690 1827 incultumque,
703 1747 738 1800 et
752 1757 791 1800 eo
806 1747 956 1827 tempore
971 1734 1122 1828 ignarum
1138 1731 1282 1800 nominis

209 1841 347 1908 romani.
359 1842 487 1909 Eorum
502 1838 769 1908 multitudinem
760 1865 794 1910 ιιι
808 1863 912 1910 unum
928 1841 1038 1959 cogit:
1055 1863 1095 1908 ac
1109 1835 1281 1932 paullatim

208 1945 413 2016 consuefacit
430 1945 562 2016 ordines
580 1946 761 2036 habere,
737 1972 830 2040 signa
849 1947 957 2040 sequi,
976 1947 1150 2064 imperium
1172 1944 1283 2013 obser

209 2075 311 2143 vare,
334 2039 414 2122 item
440 2052 505 2122 alia
529 2051 683 2122 militaria
709 2053 826 2123 facere
850 2055 1019 2122 Praeterea
1044 2053 1129 2148 regis
1156 2051 1281 2120 Bocchi

209 2185 390 2256 proxumos
405 2161 534 2282 magnis
551 2160 760 2249 muneribus,
779 2177 814 2230 et
834 2159 1017 2253 majoribus
1034 2159 1219 2253 promissis,
1239 2155 1281 2226 ad

209 2267 354 2338 studium
377 2293 427 2336 sur
420 2267 599 2363 perducit
619 2294 626 2336 :
650 2269 722 2362 quis
744 2267 949 2362 adjutoribus
972 2290 1084 2361 rogem
1106 2288 1282 2360 aggressus

210 2373 365 2470 impellit,
386 2377 436 2444 uti
452 2375 631 2444 advorsum
654 2377 824 2444 Romanos
846 2372 970 2442 bellum
992 2373 1158 2468 suscipiat.
1175 2371 1217 2442 td
1243 2393 1282 2439 ea

210 2465 336 2576 gratia¹
364 2479 490 2551 facilius
524 2483 726 2576 proniusque
755 2479 843 2568 fuit,
874 2479 964 2575 quod
1000 2477 1153 2550 Bocchus
1188 2479 1282 2550 initio

210 2588 349 2683 hujusce
368 2586 445 2656 belli
463 2587 588 2683 legatos
605 2590 749 2656 Romam
766 2589 916 2675 miserat,
932 2585 1039 2655 foedus
1056 2599 1091 2655 et
1102 2585 1281 2654 amicitiam

251 2831 280 2889 4.
292 2824 384 2880 Groeet'.
396 2825 573 2896 Cyrenenses,
580 2843 640 2896 quat
651 2824 725 2880 Grae·
767 2823 897 2880 imntenao
907 2823 1003 2880 Africo
1014 2823 1100 2896 spatio
1108 2841 1164 2876 non
1173 2835 1283 2878 conun-

212 2923 305 2959 corum
321 2905 425 2960 colonia
438 2917 511 2971 erat,
525 2917 555 2958 ut
568 2903 672 2958 dictum
683 2918 724 2960 est
766 2903 1103 2976 nuspirimtomniatsu
1109 2900 1216 2956 duobus
1223 2901 1281 2957 soi-

217 2983 251 3040 ad
265 3001 323 3057 cap.
339 2985 422 3048 xlx,
437 3003 466 3038 n.
485 2987 510 3038 ⁵.
767 2985 894 3056 pionihus
919 2984 1025 3041 fortuna
1052 2984 1150 3055 partita
1172 2996 1220 3037 eet.
1245 2985 1281 3037 At

255 3067 280 3118 5.
304 3064 380 3120 Aius.
397 3064 450 3118 Has
465 3065 623 3130 Pliniana,
642 3071 725 3129 4,e1
767 3065 948 3120 Philanorion
970 3064 1069 3135 egregii
1093 3063 1156 3118 lacti
1181 3082 1281 3118 meato-

210 3163 292 3200 arena
314 3145 394 3200 lause
415 3143 498 3210 dicit,
519 3163 569 3199 nec
587 3146 642 3216 jam
665 3143 725 3198 ulle
766 3145 835 3198 riam
857 3163 891 3198 ne
912 3145 1005 3216 patrias
1027 3143 1136 3215 quidem
1157 3143 1280 3201 interitus

213 3237 290 3280 erant
302 3225 440 3280 Strabonis
448 3237 532 3280 etate.
546 3226 643 3280 Narrat
656 3243 724 3296 quo-
767 3224 901 3278 exstinxit.
916 3224 991 3276 Nihil
1009 3237 1048 3276 est
1065 3225 1159 3294 igitur,
1173 3237 1279 3296 excepte

212 3305 726 3378 qatehoopietatisergepatriatneaem·
766 3305 886 3370 tutare,
905 3302 981 3376 quod
1004 3304 1111 3361 mortali
1136 3305 1227 3358 urimo
1251 3321 1281 3356 ac

212 3387 290 3458 plum
311 3386 371 3440 Vel.
393 3387 464 3442 Max.
481 3405 515 3454 ι,
539 3391 574 3452 6,
597 3383 725 3456 additque
767 3403 849 3438 manu
871 3384 1021 3440 immortale
1044 3384 1129 3456 queri
1158 3384 1250 3456 possit,
1264 3409 1276 3432 a

212 3465 372 3522 laudationis
390 3483 487 3522 musa:
506 3467 581 3533 «Qut
597 3467 724 3538 quoniam
768 3465 894 3519 Ceterum
909 3465 960 3518 hoc
976 3463 1078 3520 facinus
1090 3483 1125 3518 ex
1140 3481 1172 3518 eo
1183 3481 1280 3536 gauere

119 3567 121 3582 ·
213 3549 306 3618 patrio
326 3566 405 3620 quana
433 3547 494 3602 vite
519 3565 571 3600 aue
592 3547 725 3617 longiores
767 3543 1014 3618 est,dequo.nulla
1030 3545 1082 3600 nisi
1095 3543 1280 3600 reteritfatnae

215 3628 342 3681 tenninos
355 3647 410 3682 esse
424 3628 575 3680 maluerunt
581 3664 588 3688 ‚
604 3627 672 3680 bene
685 3629 725 3696 ja·
767 3627 910 3680 auctoritas
931 3623 1014 3682 fidem
1033 3625 1119 3680 leciat.
1138 3623 1191 3678 Sed
1209 3623 1282 3695 linge

213 3698 631 3773 eennmmtamt'oothmauis
642 3706 725 3758 Puni·
768 3707 849 3760 etiarn
874 3717 1055 3762 commentum
1082 3705 1163 3758 luisse
1182 3723 1188 3758 :
1210 3717 1282 3759 certe

215 3786 365 3846 oadllatato
375 3787 497 3859 imperio.
505 3786 560 3840 Ubi
568 3797 727 3856 auntmpee-
763 3784 899 3856 ejusmodi
914 3797 1095 3842 consumtum
1110 3791 1165 3838 non
1179 3783 1282 3838 rnedio-

214 3864 727 3940 laeCarthaginiaaltarnoenialnbimari·
768 3868 849 3920 miter
864 3866 966 3920 utinroe
980 3864 1014 3920 ad
1027 3865 1154 3920 virtutem
1168 3865 1254 3937 erigit.

216 3945 726 4020 timaploriainclytiportusi'ulaiouac·
810 3947 875 4001 cia.
894 3947 1004 4000 LXXX.
1024 3965 1048 3999 ι.
1070 3946 1113 3998 Ea
1128 3950 1220 4015 grum.
1237 3944 1282 3998 on

215 4026 728 4084 tielittoribuaterribilieelaseieldaitot
770 4045 829 4080 eam
844 4046 959 4082 musam.
976 4023 1105 4080 Eandem
1120 4025 1284 4088 locutionem

217 4108 420 4162 exercituslubi
430 4119 517 4162 tantus
524 4105 671 4180 equitatur?
680 4107 728 4162 ulti
763 4105 929 4179 uideaupra
943 4107 1018 4172 tw,
1028 4126 1057 4160 n.
1071 4107 1105 4166 ,3.
