2938 4654
595 341 613 405 J
622 339 892 408 UGURTHA.
1195 346 1264 417 261

214 491 332 564 parum
367 467 522 538 idoneum
556 483 665 558 ratus,
700 470 836 540 domum
866 471 1000 540 dimittit
1017 471 1039 540 ².
1074 475 1119 542 Et
1147 459 1270 567 fRomae

214 575 344 670 plebes,
369 574 487 664 literis,
512 601 584 669 quae
607 574 648 644 de
673 576 810 646 Metello
834 602 872 646 ac
899 580 1008 648 Mario
1031 580 1134 650 missae
1159 599 1271 675 erant,

215 682 375 777 cognitis,
393 681 515 751 volenti
534 683 645 752 animo
669 681 710 754 de
728 683 889 752 ambobus
911 673 1134 779 acceperant³.
1156 691 1269 785 Impe-

216 791 316 856 ratori
344 787 514 874 nobilitas,
534 814 607 882 quae
627 803 723 858 antea
747 789 876 872 decori,
897 791 1025 860 invidiae
1047 817 1117 862 esse
1136 819 1143 861 :
1165 809 1200 864 at
1225 795 1271 865 illi

214 892 307 963 alteri
329 897 458 989 generis
482 894 650 964 humilitas
678 894 826 964 savorem
851 894 1029 966 addiderat.
1056 900 1212 968 Ceterum
1237 904 1270 972 in

213 989 373 1094 utroque⁴
390 1003 495 1095 magis
513 1000 619 1070 studia
636 1003 799 1096 partium,
813 1027 912 1096 quam
928 1003 1016 1072 bona
1034 1019 1091 1073 aut
1107 1005 1193 1075 mala
1212 1033 1271 1078 sua

215 1105 392 1176 moderata.
404 1109 565 1176 Praeterea
578 1106 721 1177 seditiosi
730 1110 938 1202 magistratus
947 1109 1082 1204 volgum
1095 1115 1271 1206 exagitare,

214 1211 386 1282 Metellum
411 1213 564 1284 omnibus
591 1213 804 1283 concionibus
830 1216 944 1310 eapitis
970 1239 1150 1304 arcessere,
1172 1221 1272 1289 Marii

214 1321 369 1388 virtutem
392 1321 426 1386 in
447 1321 552 1414 majus
570 1319 746 1388 celebrare.
765 1321 915 1415 Denique
930 1320 1041 1416 plebes
1058 1325 1103 1392 sic
1120 1347 1271 1415 accensa,

214 1426 262 1493 uti
287 1425 422 1518 opifices
447 1441 654 1520 agrestesque
680 1451 810 1513 omnes,
831 1451 973 1522 quorum
996 1453 1048 1497 res
1071 1429 1217 1524 fidesque
1237 1433 1272 1501 in

214 1531 364 1599 manibus
383 1534 452 1600 sitae
470 1547 564 1600 erant
574 1517 598 1620 ⁵,
619 1531 739 1602 relictis
760 1533 913 1627 operibus
932 1535 1177 1629 frequentarent
1194 1539 1270 1606 Ma·

214 1637 318 1723 rium,
336 1653 369 1706 et
382 1662 440 1706 sua
454 1639 636 1708 necessaria
652 1655 727 1734 post
743 1637 828 1709 illius
844 1640 1004 1710 honorem
1023 1641 1190 1712 ducerent.
1205 1646 1272 1733 Ita,

213 1742 363 1837 perculsa
385 1743 572 1831 nobilitate,
585 1760 661 1838 post
680 1744 799 1816 multas
820 1733 1047 1841 tempestates⁶
1061 1773 1149 1817 novo
1165 1749 1271 1818 bomi-

213 1851 247 1918 ni
270 1849 458 1920 eonsulatus
474 1850 657 1920 mandatur.
674 1855 717 1920 Et
732 1839 847 1946 postea
860 1852 1002 1946 populus
1020 1878 1039 1920 a
1056 1854 1189 1922 tribuno
1203 1856 1271 1950 ple·

213 1955 263 2026 bis
278 1956 417 2026 Manilio
435 1959 591 2028 Mancino
608 1973 761 2052 rogatus,
778 1983 875 2052 quem
897 1958 995 2027 vellet
1011 1973 1087 2027 cum
1105 1963 1123 2028 J
1127 1963 1271 2053 ugurtha

213 2166 343 2218 rationem
356 2185 411 2218 non
424 2167 491 2219 bene
509 2164 577 2220 vidit
597 2166 719 2234 Cortius,
763 2167 863 2237 timque
887 2185 937 2236 pro
955 2165 1082 2218 concione
1106 2167 1271 2220 consulatum

213 2263 295 2315 quum
302 2243 382 2298 dixit:
394 2272 405 2293 ι
415 2245 533 2316 Denique
541 2247 657 2298 offensus
664 2259 719 2299 erat
762 2247 867 2316 petiisse
876 2284 884 2312 ,
893 2243 1043 2316 pollicendo
1052 2263 1201 2316 asepaucos
1210 2261 1271 2318 post

213 2325 321 2378 Metello
330 2366 337 2393 ,
347 2323 375 2377 id
389 2337 428 2378 est
437 2326 470 2378 ab
484 2324 612 2388 Metello(
620 2325 641 2377 si
655 2343 718 2396 pro-
761 2323 817 2378 dies
826 2338 871 2377 aut
884 2337 991 2395 captum
1002 2337 1048 2376 aut
1057 2325 1224 2378 interfectum
1236 2327 1270 2378 iri

214 2405 270 2474 prie
280 2423 427 2476 pronomen
440 2404 485 2457 sibi
495 2402 639 2476 exponas),
647 2418 674 2458 et
683 2406 718 2458 ob
761 2405 777 2456 J
779 2405 927 2475 ugurtbam.

213 2501 270 2536 eam
290 2503 394 2538 causam
412 2485 525 2538 iratus·
551 2485 599 2536 Ille
622 2484 719 2538 scilicet
803 2483 938 2536 &Volenti
945 2486 1061 2536 anime...
1073 2497 1218 2552 acceperant.
1226 2486 1270 2537 Li·

213 2563 351 2635 intelligit,
362 2565 453 2632 offense'
458 2584 508 2634 par
517 2563 646 2625 Metellum
657 2583 718 2628 nos,
760 2563 854 2616 beuter
862 2575 1013 2633 acceperant
1021 2600 1029 2626 ‚
1037 2581 1095 2634 quae
1102 2561 1135 2615 de
1142 2565 1269 2618 ambobus

209 2647 283 2715 piqud
290 2656 371 2695 contre
386 2643 508 2704 Metellae,
525 2645 570 2714 qui
581 2662 670 2696 sensus
679 2657 718 2697 est
760 2643 949 2695 scribebantur.
962 2642 1031 2694 Male
1041 2642 1140 2713 aliqui,
1151 2645 1267 2697 volentia.

212 2722 291 2794 bajus
310 2723 442 2795 participii
463 2742 524 2776 cum
543 2724 633 2776 dativo
653 2742 717 2776 con·
760 2723 850 2776 Nostri
866 2741 973 2788 omnes,
987 2723 1086 2774 uolenti.

209 2803 304 2874 juncti.
320 2804 380 2856 Jam
396 2822 460 2856 vero
474 2801 544 2854 idem
564 2803 671 2855 Cortius
691 2815 718 2854 et
801 2809 827 2865 4.
845 2802 954 2856 Ceterum
967 2806 992 2854 in
1005 2813 1116 2873 utroque,
1130 2813 1180 2854 ete.
1191 2803 1267 2856 Cete-

212 2883 352 2948 noetri,B,
362 2885 399 2948 D,
406 2884 505 2936 babent
515 2885 623 2940 muitum,
632 2881 661 2934 id
669 2895 715 2945 est,
759 2899 836 2944 rum,
850 2883 877 2934 in
889 2881 974 2935 Mario
985 2895 1011 2934 et
1022 2881 1129 2936 Metello
1137 2883 1267 2936 testimen-

213 2974 243 3014 ut
262 2964 373 3034 opinor,
386 2962 468 3032 officia
482 2963 657 3016 deluctantem.
678 2963 716 3027 E,
759 2958 816 3026 dis,
830 2962 910 3032 magis
929 2959 1017 3014 studia
1038 2961 1171 3032 partium,
1188 2981 1268 3032 quam

212 3053 240 3094 et
255 3040 308 3094 duo
326 3041 398 3113 apud
418 3043 529 3095 Havero.
542 3055 569 3095 et
583 3042 717 3094 Haclriaua
759 3059 811 3093 suu
824 3041 942 3112 ipsorum
950 3041 1060 3094 virtutes
1069 3053 1115 3094 aut
1123 3041 1268 3111 vitia,opi-

212 3121 256 3174 ed.
269 3124 378 3184 inebrae,
393 3141 452 3193 que
463 3123 540 3194 plena
554 3134 580 3174 et
593 3124 662 3192 justa
679 3132 717 3173 est
758 3120 867 3173 nionem
890 3121 1012 3172 moderata
1034 3112 1266 3191 suot(opinionis

212 3203 390 3272 oppositione
396 3207 494 3254 modum
501 3202 559 3264 sibi,
569 3213 593 3252 et
600 3202 717 3268 efferarum
759 3199 851 3252 nudum
866 3197 1009 3261 feceruut).

211 3280 264 3332 sibi.
277 3281 404 3335 Praeterea
415 3285 512 3334 invitum
524 3282 579 3334 lere
592 3299 716 3352 superva-
801 3278 827 3332 5.
854 3280 900 3330 rus
909 3278 1018 3348 fidesque
1038 3281 1063 3328 in
1083 3279 1190 3330 manibus
1211 3283 1266 3330 sitoe

212 3378 322 3412 caucum
340 3374 407 3414 esset
429 3375 502 3432 post,
517 3363 664 3429 satagentem
687 3360 717 3411 de
758 3369 834 3410 erant.
851 3359 905 3421 Qui
920 3375 1005 3427 neque
1021 3375 1079 3416 rem,
1095 3373 1180 3426 neque
1189 3355 1265 3425 fidem

208 3442 363 3510 proficuam.
760 3437 837 3490 aliam
859 3435 1010 3499 habebant,
1035 3453 1114 3505 quam
1139 3453 1265 3488 manuum

254 3538 279 3572 a.
291 3521 409 3572 Dimittit.
420 3519 569 3572 omissum
582 3519 716 3572 sMetello
759 3535 874 3588 operam.
887 3517 982 3568 Resest
990 3513 1095 3584 gallice,
1108 3514 1160 3566 bien
1168 3533 1177 3564 :
1186 3513 1265 3581 fides,

210 3589 716 3652 fuissenarratPlutarcbusduodecimo
759 3593 1266 3666 eredit.-FoequentomntMarium.Ma·

208 3689 314 3731 tantum
327 3677 442 3732 dicante
455 3679 568 3732 comitia.
590 3681 682 3748 Itaque
701 3696 716 3730 a
759 3695 809 3746 gna
820 3675 968 3748 frequentia
979 3673 1218 3745 superesse-Sua
1227 3693 1266 3724 ne·

209 3757 301 3810 eastris
317 3757 351 3810 ad
373 3759 479 3812 Uticam
496 3757 602 3812 duobus
624 3757 717 3810 diebus
759 3762 868 3808 essarta.
882 3754 994 3808 Ressibi
1010 3752 1137 3806 advitam
1151 3769 1266 3806 necessa·

210 3838 716 3909 elnocteanalongoitinerecoolecto,
759 3834 820 3888 rias.

210 3916 335 3969 abUtica
353 3917 514 3982 inbellem,
530 3920 638 3988 trajecto
651 3935 717 3988 qua·
801 3919 827 3968 6.
849 3915 910 3966 Post
924 3913 1010 3964 malem
1026 3921 1180 3982 tempestates.
1204 3910 1268 3972 Post

210 4007 272 4048 ruor
285 3993 377 4050 diebus
392 3997 471 4065 mari,
486 3997 652 4070 pervenisse,
667 4007 717 4050 sta·
759 3994 865 4066 longam
879 4009 1010 4050 tonorum
1026 3990 1134 4057 serirm3
1149 4008 1205 4044 non
1221 3980 1268 4058 (ut

1047 4083 1110 4189 17³
