2916 4630
568 393 839 465 CATILINA.
981 401 985 410 ’
1187 423 1229 494 7¹

162 529 235 600 sinc
253 521 406 597 tumultu
424 521 581 618 praesidiis
598 522 766 596 collocatis
776 511 801 615 ⁶,
814 523 910 596 sicuti
928 541 1129 624 proeoeptum
1147 546 1236 622 erut,

163 632 298 706 occulte
318 644 458 726 pontem
476 630 641 702 obsidrmt.
657 635 835 728 Postquam
850 632 892 702 sd
911 633 944 702 id
962 631 1026 704 loci
1043 634 1140 730 legati
1159 661 1237 708 cum

165 739 345 812 Volturcio
365 762 502 827 venere,
521 751 555 808 ot
575 738 671 810 simul
690 741 855 834 utrimque
870 738 995 810 clsmor
1014 755 1146 812 exortus
1166 759 1238 834 θεὶς

166 847 283 935 Galli,
307 847 376 916 cito
409 847 543 940 cognito
573 845 710 916 consilio
720 845 744 934 ⁷,
769 849 839 916 sine
864 869 959 916 mora
983 849 1179 941 praetoribus
1203 873 1239 920 so

168 953 318 1022 tradunt
338 949 531 1022 Volturcius
553 955 678 1047 primo,
696 953 889 1024 cohortatus
908 968 1056 1042 ceteros,
1074 953 1184 1050 gladio
1203 979 1239 1028 sc

171 1081 193 1127 a
215 1057 424 1128 multitudine
446 1057 613 1149 delendit3
632 1059 726 1149 dein,
744 1060 802 1130 ubi
821 1083 841 1128 a
861 1058 976 1154 legatis
1000 1061 1148 1132 desertus
1167 1077 1239 1151 cst,

171 1163 278 1234 mults
296 1167 388 1262 prius
406 1166 449 1236 de
467 1163 572 1236 salute
592 1189 651 1236 sus
670 1169 859 1236 Pomtinum
877 1167 1081 1256 obtusum,
1100 1169 1190 1262 quod
1208 1171 1240 1238 ci

174 1285 273 1342 notus
293 1285 387 1361 erat3
407 1259 598 1368 postremo⁸
617 1273 774 1363 timidus,
793 1297 832 1342 oc
851 1275 927 1342 vitu
946 1272 1117 1361 diffidens,
1137 1274 1240 1344 veluti

172 1378 342 1466 hostibus,
362 1403 433 1450 sese
447 1380 643 1475 praetoribus
663 1380 762 1450 dedit.

229 1487 357 1556 XLVI.
385 1487 515 1576 Quibus
540 1487 639 1556 rebus
664 1487 822 1557 conlectis
835 1485 858 1576 ¹,
876 1487 988 1556 omnia
1012 1509 1153 1582 propere
1179 1511 1240 1582 per

172 1595 312 1663 nuncios
331 1591 461 1664 consuli
484 1592 701 1664 declarantur.
728 1596 772 1664 At
795 1593 887 1663 illum
906 1597 1023 1690 ingens
1042 1617 1123 1664 curo
1141 1607 1240 1690 atquc

173 1696 283 1769 laetitia
314 1697 412 1768 sisnul
442 1713 657 1795 occupavere.
679 1701 767 1771 Nom
793 1700 988 1790 lutabatur,
1013 1701 1241 1795 conjuratione

174 1807 355 1902 patefacto,
375 1807 542 1876 civitatem
561 1805 714 1903 periculis
732 1822 880 1904 eruptum
901 1831 991 1897 cssc3
1010 1831 1111 1903 porro
1129 1823 1241 1878 autem

175 1915 289 1983 anxius
307 1927 397 2001 crat,
420 1914 454 1980 in
472 1937 629 1984 maxumo
647 1913 770 1984 scelere
791 1917 891 1984 turus
914 1915 1041 1984 civibus
1058 1915 1240 2010 deprehen-

176 2019 239 2107 sis,
261 2019 339 2114 quid
365 2019 456 2088 facto
480 2043 564 2115 opus
588 2035 695 2112 esset3
714 2043 847 2116 posnam
871 2019 1001 2090 illorum
1025 2019 1087 2088 sibi
1113 2019 1241 2107 onesi²,

176 2219 335 2288 Pontinus,
358 2221 481 2274 homiues
503 2223 543 2276 rsi
566 2221 687 2276 militaris
730 2219 863 2276 sitantum
872 2219 1243 2290 dixissotSullustius,oogssito

175 2299 263 2370 puisi.
729 2299 1242 2373 consilio,qussmrspotuissctsliquissn

217 2383 244 2434 6.
264 2379 392 2432 Pmids’s's
406 2381 537 2436 collocatis.
557 2381 688 2436 Militibus
731 2383 876 2452 incognitum
887 2379 941 2433 huc
953 2397 1051 2451 usque,
1064 2391 1121 2432 tum
1134 2378 1243 2433 demum

178 2477 210 2511 cx
224 2471 336 2531 utraque
348 2461 439 2532 pontis
452 2475 528 2533 purte
545 2461 687 2534 dispositis.
731 2463 902 2532 cognovissent.
918 2457 1002 2513 Addit
1023 2460 1119 2532 igitur,
1133 2463 1194 2522 cito,
1211 2472 1243 2512 ut

178 2538 245 2592 llum
261 2565 273 2588 ι
284 2537 396 2606 eodem,
408 2541 496 2614 iuquit
511 2541 567 2596 Cio.
586 2543 614 2596 in
630 2543 688 2596 Cot.
731 2541 795 2594 sciat
807 2542 890 2594 lector
900 2557 957 2592 rem
969 2541 1192 2612 coopertostatim
1200 2540 1242 2592 iu-

179 2636 266 2685 ηιμ,
278 2619 363 2691 stipsi
372 2621 430 2674 sine
444 2624 599 2694 cujusquam
608 2621 690 2693 stupi-
732 2621 871 2687 reflexisse,
884 2637 939 2672 uon
953 2619 986 2672 ub
1001 2619 1057 2672 aliis
1073 2613 1205 2672 didicisse.
1233 2633 1236 2641 ’

178 2697 689 2768 cionemultoslortesriruseduxertsnt3
774 2703 801 2756 8.
824 2701 963 2752 Volturcius
980 2703 1115 2772 primo....,·
1127 2699 1241 2762 debs....,·

179 2789 262 2850 etsgo
276 2797 309 2831 ex
322 2781 478 2850 protectum
492 2782 602 2834 Bestius
618 2799 690 2833 com-
729 2792 866 2851 possresso‚
887 2791 933 2832 etc.
956 2779 1048 2832 Primo
1067 2789 1174 2833 strenue
1192 2797 1243 2852 pu·

179 2858 267 2928 plures
286 2857 400 2913 delectos
418 2858 611 2926 adolescentes,
624 2879 691 2932 quo·
734 2871 811 2932 μοις
821 2857 918 2912 deinde
928 2859 1038 2913 salutem
1049 2873 1187 2931 precntum
1199 2857 1245 2912 de·

178 2956 239 2992 rum
249 2957 330 3011 opem
341 2951 403 2993 utor
414 2939 518 2994 assiduo
529 2941 557 2994 iu
567 2940 693 3012 reipubli-
733 2940 814 3010 nique
824 2939 880 2993 siue
890 2937 1044 2993 conditione
1051 2959 1078 2994 se
1090 2937 1244 2992 dedititium

178 3015 688 3092 oopraesidio,oumglsdiismissram.·
734 3017 823 3074 trudit.

219 3117 247 3168 7.
268 3099 326 3152 Cito
344 3105 439 3170 cogito
458 3103 564 3154 consilio.
583 3099 690 3154 Putsch.
775 3099 990 3154 css.vat.1.
1006 3099 1099 3170 Quibus
1110 3098 1177 3150 relus
1190 3115 1245 3150 coss·

181 3190 207 3230 st
220 3191 282 3249 post
293 3197 355 3232 eum
368 3180 427 3252 Bip.
439 3177 529 3233 delent
542 3183 604 3244 ss'to,
619 3178 692 3252 quod
729 3181 810 3248 fectis.
823 3178 886 3231 Huc
895 3191 965 3250 gestu
976 3191 1037 3232 sunt
1048 3197 1077 3232 es
1088 3189 1244 3248 noctequ-

180 3257 277 3311 retinet
292 3259 408 3313 Cottius.
415 3260 481 3314 Tres
493 3261 603 3313 omuino
615 3277 692 3313 rocos
734 3271 773 3311 est
781 3259 850 3310 iuter
860 3256 1005 3311 secuudum
1016 3269 1042 3312 et
1054 3259 1162 3314 tertium
1172 3255 1244 3312 dien

181 3335 289 3391 damnat
300 3339 431 3394 Gruterus
445 3358 451 3392 :
467 3341 566 3413 quippo
585 3339 690 3406 Gallos,
734 3336 889 3390 decembris.

182 3431 364 3491 uoctm‚qus
376 3420 620 3491 proficiscerentur,
631 3417 692 3472 ideo
777 3437 803 3470 2.
825 3415 879 3469 Ss'bs'
899 3419 972 3468 ossers'.
994 3414 1099 3469 Scilicet
1116 3411 1244 3468 iuvidiam

182 3495 338 3552 iudicavisse
347 3501 462 3566 consuli,
473 3512 503 3554 ut
511 3497 693 3573 deprehende·
735 3493 905 3551 factiosorum
921 3493 1060 3548 hominum
1073 3496 1102 3547 in
1115 3511 1142 3547 se
1156 3494 1244 3546 conci·

183 3591 283 3632 mutus.
303 3579 357 3632 Nos
372 3617 381 3647 ,
402 3579 494 3634 talium
517 3581 693 3652 interpretum
736 3589 820 3631 tutum
835 3576 877 3629 iri.
896 3575 988 3647 ltsque
1002 3575 1059 3646 ipse
1070 3573 1161 3627 scribit
1172 3574 1200 3625 iu
1215 3573 1247 3626 li·

183 3676 261 3728 pace,
282 3657 427 3714 dixerimus
446 3673 500 3713 uos
522 3679 615 3726 voces,
637 3677 693 3712 nou
735 3651 1245 3722 hm,deosss.1:·tttoonsulstude·

183 3754 264 3790 uuam
279 3739 382 3805 miuus,
395 3739 472 3792 uobis
486 3741 642 3794 necessarius
653 3739 694 3791 vi·
736 3736 892 3791 venimusin
902 3733 1117 3790 mediumrerum
1126 3731 1247 3787 omnium

184 3814 314 3872 doricus
326 3819 399 3874 cuim
410 3837 438 3873 se
447 3818 614 3875 undideruut
626 3819 696 3872 Allo·
737 3829 869 3872 commen
886 3830 965 3890 utque
982 3815 1139 3880 discrimem
1153 3825 1180 3867 et
1194 3813 1247 3866 boo

183 3896 294 3970 bruges?
308 3899 378 3966 Quis
399 3899 446 3952 ubi
468 3901 580 3972 impetus
601 3900 630 3953 in
650 3917 695 3952 eos
738 3910 841 3970 ternpus
855 3915 934 3950 ouum
945 3909 1005 3969 post
1019 3896 1184 3949 consulatum
1197 3895 1247 3946 ob·

183 3975 267 4032 fuctus
280 3991 335 4044 est,
348 3980 471 4032 consitum
486 3983 567 4033 statim
581 3997 696 4049 cognoss-
736 3979 846 4052 jecimus
867 3978 900 4032 iis
920 3975 1044 4030 fluctibus
1058 3975 1121 4048 qui,
1136 3991 1186 4048 per
1198 3989 1248 4027 uos

186 4070 255 4122 nost,
271 4057 301 4112 id
316 4069 370 4125 est,
384 4058 566 4124 intellcurusst,·
580 4059 697 4113 soiebsns
739 4077 754 4111 s
769 4057 903 4111 communi
918 4068 991 4128 peste
1008 4053 1126 4127 depulsi,
1138 4055 1167 4109 iu
1185 4071 1248 4108 uos·

186 4137 255 4190 cuim
263 4157 291 4192 ss
301 4137 497 4211 deprehensum
508 4138 551 4192 iri.
562 4139 578 4191 J
580 4157 623 4191 am
633 4155 696 4191 vero
739 4139 864 4210 metipsos
877 4133 1069 4191 redundarunt.
1081 4161 1094 4187 ι

947 4231 1064 4316 ,5,
