2938 4654
219 395 293 490 296
455 401 493 465 C.
522 399 710 466 CRISPI
741 400 1038 468 SALLUSTII

215 543 352 623 propter
366 529 584 623 Capsensium
599 530 745 598 miserias
752 516 843 623 ,igni
856 531 1059 624 corrumpit.
1073 528 1164 598 luctu
1180 523 1277 622 atque

215 633 304 703 caede
322 636 433 702 omnia
452 634 669 728 complentur,
689 637 841 730 Denique
857 635 969 704 multis
990 634 1071 705 locis
1088 637 1227 730 potitus,
1240 659 1279 704 ac

215 739 380 834 plerisque
400 742 547 810 exercitu
577 743 767 829 incruento,
788 741 830 810 ad
851 740 948 810 aliam
971 767 1041 812 rem
1062 726 1279 836 aggreditur³‚

216 871 284 915 non
313 847 427 916 eadem
452 848 645 943 asperitate,
667 873 732 943 qua
753 849 989 942 Capsensium,
1017 862 1164 916 ceterum
1191 846 1280 915 haud

217 977 311 1022 secus
328 953 505 1024 difficilem.
524 956 677 1048 Namque
696 954 785 1023 haud
804 953 901 1049 longe
915 979 934 1022 a
948 954 1082 1024 flumine
1102 951 1280 1040 Mulucha,

215 1059 304 1152 quod
325 1061 497 1155 iugurthae
515 1061 702 1155 Bocchique
720 1085 859 1155 regnum
877 1060 1099 1156 disjungebat,
1111 1074 1183 1128 erat
1195 1061 1280 1128 inter

215 1180 358 1236 ceteram
381 1154 572 1262 planitieml
590 1193 687 1236 mons
709 1191 845 1254 saxeus,
862 1166 1021 1236 mediocri
1040 1164 1174 1236 castello
1204 1167 1281 1236 satis

217 1287 353 1366 patens,
378 1275 413 1342 in
431 1277 629 1343 immensum
654 1273 775 1360 editus,
793 1299 861 1342 uno
883 1288 1084 1368 perangusto
1108 1271 1199 1340 aditu
1225 1297 1279 1340 re-

216 1377 295 1448 licto
317 1406 324 1445 :
346 1403 423 1448 nam
447 1383 554 1448 omnis
581 1394 721 1466 natura,
746 1378 839 1448 velut
857 1404 958 1473 opere
982 1393 1081 1474 atque
1107 1377 1281 1464 consulto,

216 1510 371 1579 praeceps.
404 1487 513 1574 Quem
540 1486 649 1554 locum
671 1487 819 1572 Marius,
841 1485 930 1578 quod
956 1486 1001 1554 ibi
1028 1485 1113 1579 regis
1135 1485 1280 1554 thesauri

216 1605 326 1675 erant,
341 1615 470 1660 summa
488 1594 521 1660 vi
542 1615 660 1685 capere
679 1591 829 1660 intendit.
853 1591 919 1660 Sed
936 1615 975 1659 ea
993 1615 1045 1660 res
1066 1591 1167 1677 forte,
1180 1615 1280 1684 quam

216 1695 371 1782 consilio,
386 1695 501 1764 melius
515 1711 615 1791 gesta.
632 1700 718 1766 Nam
733 1696 915 1766 castello
885 1723 1032 1766 virorum
1051 1711 1149 1792 atque
1166 1721 1280 1766 armo-

218 1827 291 1869 rum
315 1803 407 1890 satis‚
430 1827 550 1932 magna
572 1805 620 1872 vis
643 1803 814 1890 frumenti,
833 1819 866 1872 et
884 1803 957 1872 fons
979 1829 1092 1898 aquae:
1085 1803 1280 1898 aggeribus

218 1893 449 2002 turribusque⁵
469 1924 502 1978 et
522 1908 593 1978 aliis
613 1858 910 1980 maeltinatitinibus
932 1909 1053 1980 locus
1044 1924 1280 2004 importunus:

217 2017 280 2082 iter
301 2015 554 2085 castellanorum
572 2031 748 2110 angustum
771 2017 949 2086 admodum
957 2018 1146 2110 ,utrimque
1166 2017 1279 2109 praeci-

218 2123 423 2191 sum:vineae
444 2149 520 2195 curn
538 2125 660 2218 ingenti
679 2123 826 2217 periculo
846 2123 966 2192 frustra
987 2122 1184 2216 agebantur,
1204 2147 1280 2192 nant

217 2253 320 2320 quum
335 2253 381 2298 eae
393 2229 540 2324 paullum
555 2231 874 2325 processerant‚igni
887 2243 944 2298 aut
956 2228 1117 2324 lapidibus
1130 2251 1280 2297 corrum-

218 2334 404 2427 pebantur:
429 2335 545 2405 milites
576 2359 684 2429 neque
711 2361 773 2431 pro
797 2361 898 2431 opere
921 2337 1122 2422 consistere,
1143 2348 1281 2430 propter

260 2555 286 2606 3.
296 2555 343 2606 Ad
351 2554 424 2606 aliurn
436 2575 485 2608 rem
497 2554 647 2624 aggreditur
660 2553 728 2606 Vul-
772 2566 816 2609 tur
827 2572 898 2626 seqq.
910 2573 979 2626 opere
991 2567 1061 2626 atque
1074 2554 1189 2606 wmulto.
1202 2553 1281 2606 Mons

218 2634 348 2703 go‚aliam
356 2635 534 2698 rem,sublata
541 2634 729 2706 praepositione
771 2633 817 2686 ille
842 2646 936 2686 natiue
963 2652 1078 2704 praeceps
1104 2645 1131 2685 et
1154 2634 1282 2704 abruptus

218 2713 253 2762 ad
263 2732 273 2772 ;
297 2731 396 2782 quam,
420 2731 482 2766 cum
507 2713 600 2768 Cortio
625 2712 729 2766 duobus
772 2725 841 2777 erat,
855 2731 911 2766 non
926 2713 1001 2766 aliter
1017 2730 1047 2766 ac
1057 2713 1078 2764 si
1094 2723 1150 2764 arte
1163 2725 1188 2766 et
1200 2731 1281 2766 manu

218 2791 292 2844 MSS.
311 2791 396 2854 freto,
407 2810 439 2843 eo
454 2792 579 2844 libentius
595 2793 728 2844 revocari·
772 2791 823 2844 boe
838 2792 874 2844 ita
884 2793 988 2845 iactum
1003 2804 1077 2846 esset.

166 2873 170 2884 '
218 2889 277 2923 mus
284 2869 380 2942 ,quod
400 2871 437 2922 sic
458 2872 569 2924 verbum
588 2873 730 2941 aggreditur
815 2872 840 2924 5.
870 2872 1009 2942 Aggeribus
1039 2871 1206 2944 turribusque,
1229 2883 1281 2926 etc.

216 2950 332 3023 genuino
346 2963 372 3001 et
387 2950 496 3020 antiquo
511 2969 588 3003 sensu
602 2951 727 3022 accipias:
771 2952 900 3022 Aggerem
911 2949 944 3004 ad
956 2969 1046 3004 muros
1057 2949 1218 3023 prodromo,
1224 2964 1282 3006 tur·

218 3049 253 3084 sc
266 3030 379 3120 graditur
393 3029 433 3082 od.
447 3029 474 3080 si
491 3049 555 3082 vero
570 3030 645 3084 tollas
661 3049 729 3110 pra·
771 3048 866 3102 resque
881 3043 907 3084 et
920 3032 981 3084 alias
996 3031 1203 3084 machinationes
1217 3050 1281 3102 pro·

218 3109 391 3200 positionem,
401 3110 543 3178 aggreditur
558 3109 729 3181 vulgarisen·
772 3128 942 3163 moverenou
951 3123 1088 3203 poterant,
1097 3124 1206 3182 propter
1216 3129 1282 3181 prta·

219 3208 250 3241 su
276 3190 378 3260 capies,
393 3193 547 3260 insopit-
512 3191 622 3243 -Νοιι
648 3190 728 3242 eadem
771 3203 877 3261 ruptam
904 3191 959 3244 saxi
987 3188 1163 3244 altitudinem.
1189 3191 1281 3242 Vinea

217 3273 358 3339 asperitate,
374 3283 423 3322 etc.
447 3271 512 3334 Quae
534 3289 576 3322 res
596 3289 686 3341 aspera
704 3284 730 3332 et
771 3281 874 3322 tantum
912 3271 1056 3342 agebantur
1092 3282 1203 3341 angusto
1234 3269 1281 3322 illo

217 3347 327 3402 horrida
351 3351 438 3402 minus
461 3350 489 3402 in
513 3351 627 3422 speciem
642 3346 652 3412 (
668 3350 728 3421 quia
772 3347 918 3420 oditu,qui
934 3351 1004 3403 solur
1019 3348 1131 3402 ducebat
1145 3347 1177 3400 ad
1189 3349 1281 3402 castel·

216 3428 350 3482 castellum
375 3449 450 3498 non,
469 3443 498 3482 ut
524 3430 625 3501 Capsa,
648 3431 727 3483 situm
771 3429 836 3480 lurn.
860 3427 912 3480 Sed
935 3429 963 3482 in
989 3427 1085 3482 declivi
1107 3429 1215 3492 itinere,
1239 3429 1280 3480 in·

217 3521 272 3562 erat
290 3509 360 3562 inter
375 3508 531 3562 solitudines
546 3529 620 3580 aqua
639 3510 726 3581 inopia
771 3508 926 3578 gruentibus
942 3507 1055 3581 desuper
1068 3508 1129 3580 igne
1144 3519 1171 3560 et
1185 3505 1281 3580 lapidi·

216 3601 242 3640 et
251 3589 417 3660 serpentibus
429 3586 564 3654 infestas)
574 3588 619 3642 sed
632 3591 727 3644 ellectu
770 3588 837 3653 bus,
852 3585 924 3640 baud
943 3589 1018 3641 facile
1035 3588 1175 3642 stetissent.
1183 3589 1281 3639 --Pro

216 3679 368 3720 tamennon
382 3667 671 3722 minusdiflieiliserat.
771 3687 839 3738 opere
852 3672 985 3722 consistere.
1002 3668 1118 3720 Probare
1133 3667 1280 3722 nitiurct

256 3753 282 3810 4.
302 3749 370 3800 Inter
390 3760 438 3799 cete
439 3767 489 3798 ram
501 3748 635 3819 planitiem.
653 3749 726 3800 Inter
770 3749 872 3800 Dureau
903 3748 1038 3800 Deiamrlle
1063 3747 1115 3800 boc
1137 3765 1192 3800 ease
1217 3759 1281 3798 stare

211 3837 299 3879 cetera
313 3829 400 3899 plana.
420 3827 499 3880 Mons
512 3845 603 3880 saxeus
627 3827 724 3880 eratin
769 3840 826 3880 ante
847 3847 931 3898 opera,
948 3847 983 3880 sc.
990 3815 1039 3880 ad
1059 3845 1089 3879 ea
1109 3823 1227 3879 tutanda.
1246 3825 1281 3878 Et

214 3906 316 3960 medio·
308 3907 643 3979 ,reliquaomniacircum
648 3907 723 3978 ,·pla
768 3905 877 3978 quidem
886 3906 1111 3980 sepediciturpro
1124 3905 1226 3977 oppido,
1233 3925 1281 3976 pro

213 3985 292 4040 nities
301 3999 364 4039 erat.
372 3985 484 4038 ——Nom
493 3990 574 4038 omno.
587 3985 628 4040 Sc.
640 4006 723 4040 mons.
768 3988 849 4047 vallo,
858 4007 905 4058 pro
913 3991 1011 4050 castris,·
1020 3987 1066 4038 ubi
1072 4006 1118 4056 pro
1129 3985 1197 4038 nihil
1207 3983 1280 4036 aliod

213 4065 367 4118 -Natarm
382 4065 462 4120 Sexto
474 4085 551 4130 casu,
565 4077 595 4118 ut
608 4085 725 4140 oppono·
769 4079 808 4120 est
828 4086 907 4138 quam
927 4080 988 4120 ante.
1012 4064 1063 4120 Sed
1083 4065 1126 4118 hic
1149 4084 1204 4120 oon
1219 4063 1281 4118 satis
