2950 4648
519 391 867 460 FRAGMENTA.
1145 387 1221 476 443

164 551 168 559 ·
215 521 374 590 Omnium
391 519 583 612 fluminum,
599 549 671 618 quae
690 525 724 592 in
742 525 864 608 maria,
879 545 943 617 qua
959 521 1135 616 imperium
1153 524 1222 592 Ro·

161 653 297 700 manum
311 643 378 716 est,
395 629 520 716 fluunt,
539 655 638 724 quam
657 631 766 700 Graeei
782 633 839 704 τὴν
854 629 923 697 εἴσω
940 627 1094 698 loono
1110 628 1222 724 appel·

161 735 246 820 lant,
261 760 452 806 maxumum
465 760 536 806 esse
555 737 668 806 Nilum
683 738 904 820 consentitur3
919 759 1082 831 proxuma
1096 739 1223 832 magni-

162 841 275 912 tudine
289 867 359 912 esse
369 831 548 913 Histrum⁸¹
560 845 691 939 scripsit
705 842 885 913 Sallustius.
899 845 984 914 Gell.
994 843 1069 912 Lib.
1083 846 1133 930 X,
1143 868 1171 912 c.
1188 868 1221 939 7.

214 951 265 1017 Ex
284 949 439 1018 omnibus
453 974 526 1044 quae
543 952 775 1037 tractavimus,
794 951 905 1020 AEbuti
924 949 1101 1034 Liberalis,
1115 963 1225 1044 potest

162 1054 265 1124 videri
289 1055 370 1128 nihil
393 1070 461 1124 tam
483 1060 721 1144 necessarium,
742 1072 801 1125 aut
822 1059 945 1151 magis,
967 1071 1007 1125 ut
1025 1057 1072 1124 ait
1097 1055 1223 1126 Sallus·

162 1163 246 1248 tius,
265 1187 341 1230 cum
358 1187 437 1232 cura
459 1150 685 1251 dicendum⁸²,
702 1187 801 1258 quam
822 1163 911 1257 quod
933 1165 967 1231 in
988 1163 1142 1232 manibus
1164 1178 1222 1232 est.

162 1269 294 1338 Seneca
310 1269 431 1359 Benef
452 1272 517 1356 lv,
538 1293 559 1338 1.

215 1374 399 1444 Turbinum
412 1389 521 1444 motus
532 1399 635 1472 vagus
647 1391 713 1462 est,
726 1391 761 1444 et
773 1375 943 1470 disjectus,
956 1389 1005 1462 et,
1019 1376 1068 1444 uti
1082 1372 1225 1444 Sallustii

162 1479 272 1548 verbis
294 1494 384 1567 utar,
398 1483 599 1570 vorticosus3
611 1497 815 1553 cometarum
834 1497 944 1552 autern
964 1483 1225 1577 compositus,et

163 1601 290 1656 certum
309 1589 372 1655 iter
393 1611 541 1683 carpens.
564 1590 661 1658 Idem
689 1591 852 1661 Natural.
879 1591 1008 1681 Quoest·
1030 1591 1117 1674 Vll,
1137 1586 1170 1657 8.

215 1691 401 1782 Sallustius,
420 1709 536 1764 auctor
554 1698 783 1779 certissumus,
804 1698 936 1783 asserit,
955 1697 1080 1790 Tigrim
1099 1709 1132 1764 et
1153 1696 1225 1762 Eu-

162 1799 315 1893 phratem
337 1825 404 1869 uno
427 1800 518 1871 fonte
539 1827 674 1872 manare
695 1805 729 1871 in
748 1805 919 1890 Armenia,
941 1803 997 1896 qui
1018 1827 1079 1897 per
1096 1799 1225 1870 diversa

163 1919 278 1974 euntes
293 1905 422 2000 longius
440 1907 647 1997 dividantur,
660 1911 766 2005 spatio
784 1909 895 1980 medio
912 1907 1025 1978 relicto
1044 1907 1226 1976 multorum

163 2009 319 2100 rnillium;
338 2037 412 2107 quae
429 2029 539 2084 tamen
559 2001 663 2102 terro,¹
682 2041 755 2109 quae
775 2016 817 2084 ab
839 2018 918 2110 ipsis
933 2016 1094 2100 ambitur,
1115 2017 1225 2083 Meso·

163 2121 308 2212 potamia
329 2119 458 2190 dicitur.
479 2122 575 2192 Idem
593 2137 628 2191 et
644 2122 797 2192 Isidorus
813 2125 910 2192 Xlll.
928 2121 1005 2192 Vt'b.
1020 2123 1172 2216 Sequest.
1193 2133 1227 2188 et

163 2227 304 2294 Hieron.
326 2225 369 2294 de
389 2229 468 2296 Loc.
489 2225 577 2297 Heb.

215 2331 371 2401 Pelorum
379 2318 403 2357 ⁸³
419 2335 684 2428 promontorium
699 2332 816 2404 Siciliae
829 2335 1007 2429 respiciens
1022 2331 1226 2427 aquilonem,

166 2558 247 2610 quum
260 2541 363 2612 Tagum
376 2542 487 2596 nansire
502 2542 600 2596 flustra
615 2554 673 2595 ten·
717 2555 791 2595 certo
804 2541 891 2614 pretio
904 2541 1049 2608 conducit,
1059 2561 1106 2596 seu
1120 2542 1227 2602 redimit,

166 2621 270 2673 tavisset
284 2615 357 2693 (sup.
373 2633 429 2674 not.
444 2613 512 2692 74),
528 2625 674 2694 prospectis
717 2641 785 2694 opus
801 2622 909 2694 aliquod
924 2621 1082 2678 laciendum.
1104 2623 1155 2675 llic
1173 2633 1227 2685 est,

166 2699 297 2770 equitibus
304 2701 486 2772 qnieoversus
493 2703 675 2770 accurrebant,
718 2715 748 2755 ut
763 2701 887 2769 videtur,
898 2703 945 2776 qui
956 2716 1116 2756 commeatus
1131 2700 1228 2755 exerci-

165 2797 192 2832 ae
210 2777 299 2833 dumis
317 2778 436 2848 abdidit,
455 2781 502 2836 ubi
522 2801 537 2835 a
557 2783 675 2836 mulione
718 2783 758 2835 tui
779 2781 1000 2855 suppeditanda,
1014 2795 1089 2856 pacta
1102 2781 1229 2854 pecnnia,

165 2857 340 2931 redemptoris
356 2861 458 2932 agnitus
471 2874 524 2926 est,
538 2861 676 2935 Pompeio-
719 2876 876 2936 susceperat.

165 2957 217 3009 que
239 2938 358 2994 unditus.
381 2941 445 2996 Mox
464 2941 585 3014 Pompeii
603 2947 676 3015 jussu
761 2942 1231 3015 81.Histrum.Qdiantiquisamonte

167 3019 333 3087 iuter-lectus,
354 3021 433 3074 simul
459 3021 525 3093 gesti
552 3019 677 3077 adversus
719 3022 1043 3088 Abnoba,ubioritur,ad
1053 3023 1231 3087 Pannoniam,

166 3099 356 3171 rempublicam
381 3100 467 3167 belli,
489 3103 567 3154 simul
591 3103 676 3156 necati
719 3101 1229 3168 nobistotocursu‚Danubinedieitur.

167 3179 244 3234 amici
257 3178 385 3251 ducisque
400 3181 441 3234 sui
457 3181 567 3235 Sertorii
587 3199 677 3254 poenae
719 3181 782 3236 Hac
800 3197 827 3235 et
845 3203 904 3254 que
921 3197 1067 3254 sequuntur
1089 3201 1144 3234 non
1169 3201 1230 3236 vera

167 3257 237 3312 haud
254 3277 315 3313 sane
332 3260 475 3315 immeritas
490 3258 573 3314 dedit.
588 3263 630 3315 De
645 3281 677 3314 eo
720 3261 837 3316 Sallustii
856 3261 1000 3334 fragmenta
1015 3274 1097 3328 sunt,
1114 3259 1160 3314 sed
1178 3261 1231 3314 loci

167 3338 301 3406 Velleius,
320 3358 359 3404 rr,
378 3339 434 3394 30:
451 3341 547 3394 ‹Turn
561 3341 599 3394 bl.
613 3341 677 3394 Per·
720 3341 854 3395 variorum
877 3342 1050 3412 scriptorum
1077 3341 1123 3412 qui
1147 3341 1230 3406 lacta,

166 3437 249 3489 perna
263 3414 327 3481 (sen
339 3417 507 3491 Perpenna),
522 3421 678 3492 praetorius,
720 3439 766 3473 seu
783 3419 868 3486 dicta,
887 3439 933 3474 seu
944 3421 1023 3473 etiarn
1036 3439 1113 3474 voces
1130 3421 1231 3493 aliquas

167 3499 360 3570 eproacriptis,
368 3501 453 3570 gentis
466 3501 585 3554 clarioris
598 3518 678 3572 quam
720 3499 836 3554 Sallustii
849 3500 1002 3554 auctoritate
1015 3499 1183 3555 confirmant.

167 3579 258 3644 animi,
265 3578 596 3635 Sertoriumintercoeuam
604 3581 678 3634 Osce
762 3583 808 3635 8².
822 3579 883 3634 Cum
892 3599 950 3632 cure
961 3580 1094 3634 dicendum.
1107 3580 1150 3634 sic
1160 3579 1230 3632 Vell.

168 3659 314 3724 interemit,
326 3661 505 3732 Romanisque
515 3673 615 3714 certam
626 3661 679 3714 vic·
721 3679 761 3726 11,
774 3661 824 3715 18:
839 3687 850 3708 ι
860 3659 1028 3715 Mithridates
1037 3661 1095 3728 ,vir
1103 3679 1190 3732 neque
1198 3661 1231 3712 si-

166 3739 280 3804 teriam,
302 3741 424 3810 partibus
446 3741 500 3796 suis
525 3739 677 3805 excidium,
720 3739 1060 3814 lendm,nequedicendus
1071 3741 1126 3794 sine
1137 3757 1227 3792 eura.»

167 3818 217 3870 sibi
237 3819 417 3891 turpissimam
433 3833 545 3876 mortem
565 3821 678 3893 pessimo
763 3823 810 3876 tt.
823 3823 949 3886 Pelorum,
964 3833 1014 3876 etc.
1027 3821 1086 3873 Vel.
1102 3821 1172 3874 Max.
1185 3839 1230 3885 ur,¹

166 3900 313 3953 auctoravit
334 3901 460 3956 facinore.
476 3927 487 3950 ι
508 3900 580 3956 Vide
598 3901 678 3954 etiarn
723 3902 763 3954 8:
784 3929 795 3950 ι
815 3903 907 3974 Itaque
927 3902 1014 3956 minus
1033 3901 1134 3960 miror,
1159 3897 1231 3973 apud

165 3977 301 4032 Plutarch.
317 3979 345 4032 in
363 3981 460 4034 Sertor.
483 3993 509 4034 et
528 3981 623 4054 Pomp.
639 4013 679 4024 --
722 3994 823 4035 trucem
842 3995 869 4035 et
887 4001 983 4036 saevum
1000 3981 1154 4048 Hannibalis
1174 3980 1231 4034 ani-

167 4057 323 4112 liedemron's.
336 4059 498 4131 Redemptor
511 4062 679 4134 vocaturqui
722 4081 796 4116 mum
821 4061 982 4116 defensionis
1005 4062 1094 4114 locum
1122 4061 1231 4114 innoxio
