2922 4642
332 400 404 469 DE
431 399 470 469 C.
503 398 703 468 CRISPO
733 397 1049 468 SALLUSTIO.
1130 423 1227 470 xxxv

154 532 352 616 edificium,
370 533 457 618 sive,
477 547 515 600 ut
530 531 689 626 Sigebert.
712 532 976 628 Harercampius
993 525 1067 627 (qui
1085 533 1228 604 eundern

154 661 293 712 numum
311 639 415 708 offert
433 641 468 707 in
489 637 572 708 libro
591 637 633 706 de
653 639 762 706 numis
782 639 999 708 contorniatis
1019 663 1094 735 pag.
1117 633 1227 737 149),
1287 677 1290 684 ι

155 746 387 842 hydraulicum
399 769 566 839 organon,
581 744 727 814 adoram
742 743 916 840 adscriptis
927 745 1057 814 verbis:
1072 771 1228 820 rsrnorrr

15 881 17 932 ἢ,
156 874 322 924 strenas.
352 853 464 942 Quam
488 853 633 920 Ursinus
659 875 792 946 quoque
820 851 970 946 adjunxit
993 855 1086 921 numi
1111 852 1229 925 faciem

158 974 222 1030 tres
244 959 362 1056 figurae
380 958 559 1045 decorant,
574 957 631 1028 sed
650 957 867 1046 feminarum,
885 973 919 1028 et
935 959 1039 1028 verba
1061 984 1163 1030 noua
1165 1014 1229 1032 ......

157 1089 255 1138 oras.
281 1066 383 1162 Apud
409 1063 550 1136 Paulum
573 1088 654 1134 vero
678 1064 891 1150 Pedrusium,
919 1079 942 1133 t.
966 1067 1010 1152 V,
1038 1092 1070 1162 p.
1104 1064 1170 1156 36,
1196 1071 1230 1138 in

15 1169 16 1218 1
157 1197 274 1243 aversa
299 1186 394 1269 parte
422 1171 625 1266 conspicitur
651 1170 758 1266 figura
786 1171 931 1240 hominis
958 1171 1123 1260 sedentis,
1152 1177 1231 1264 riri,

158 1305 227 1350 non
247 1279 378 1350 feminae
402 1305 409 1347 :
440 1277 529 1348 unde
553 1303 615 1348 nec
637 1277 848 1366 Numidiam,
875 1301 937 1347 nec
960 1303 1037 1347 curn
1059 1279 1232 1371 Pedrusio,

159 1413 190 1483 p.
207 1383 274 1484 39,
291 1387 464 1458 historiam
478 1386 521 1454 ab
537 1383 592 1454 illa
605 1385 756 1454 denotari
772 1383 979 1455 crediderim.
994 1385 1116 1456 Similis
1135 1387 1232 1482 plane

158 1493 268 1588 figura
288 1493 323 1562 in
343 1517 447 1564 numo
465 1489 643 1562 Alexandri
660 1493 791 1580 Severi,
812 1490 857 1561 id.
874 1517 906 1588 p.
925 1489 1017 1579 286,
1040 1492 1097 1562 ubi
1112 1495 1232 1564 iterum

158 1600 332 1671 historiam
347 1599 525 1670 Pedrusius
538 1597 610 1668 vult
625 1598 762 1693 intelligi
776 1623 897 1694 parurn
913 1598 1140 1669 verisimiliter.
1158 1605 1233 1671 Fuit

158 1721 193 1777 et
211 1707 350 1803 Crispus
367 1705 539 1778 Sallustius
550 1706 665 1799 junior
678 1705 808 1794 rhetor,
827 1705 869 1775 de
883 1731 951 1800 quo
968 1705 1233 1802 intelligendum,

159 1814 250 1909 quod
285 1816 320 1883 in
350 1814 466 1909 priscis
495 1814 600 1882 Taciti
629 1827 663 1882 et
692 1811 822 1908 Apuleii
853 1811 1023 1883 codicibus
1051 1814 1234 1886 florentinis

160 1922 253 1990 aiunt
271 1921 409 2016 reperiri
429 1946 435 1988 :
457 1921 537 2014 Ego
558 1919 698 2015 Crispus
720 1920 908 1990 Sallustius
928 1921 999 2016 legi
1010 1935 1047 1989 ct
1058 1922 1239 1994 emendavi

159 2031 281 2098 Romae
289 2028 425 2119 foeta,
458 2025 597 2120 Olybrio
615 2043 652 2096 et
670 2025 821 2096 Prohinc
845 2052 930 2096 coss.
952 2033 988 2096 in
995 2027 1088 2120 staro
1107 2033 1237 2099 Martr's

159 2140 413 2206 controversias
433 2131 634 2204 declamans
656 2138 791 2202 oratori
807 2133 1028 2203 Endeleclzto.
1045 2137 1124 2206 Non
1138 2135 1236 2231 plane

159 2240 327 2336 intelligo,
357 2239 437 2336 quid
464 2239 536 2310 haec
559 2241 661 2310 verba
684 2240 745 2310 sibi
764 2237 884 2328 velint,
910 2265 1060 2333 necque
1082 2255 1236 2336 ternpore
1305 2317 1308 2321 ,

161 2347 320 2442 Olybrius
332 2373 410 2419 curn
421 2347 566 2416 Probino
579 2345 788 2420 consulatum
802 2347 955 2441 gesserit:
970 2344 1049 2415 licet
1059 2346 1235 2442 Olybrium

161 2454 334 2525 consulem
359 2454 458 2524 luisse
483 2468 613 2524 constet
639 2479 691 2523 un.
720 2457 760 2525 C.
787 2451 879 2543 526,
910 2465 987 2522 ante
1010 2455 1235 2543 Mammium,

162 2564 318 2656 quentin
344 2560 551 2632 emendando
573 2562 712 2632 Horatio
735 2559 847 2631 Felia¹
872 2574 987 2630 orator
1007 2561 1099 2632 urbis
1120 2563 1237 2632 Rornae

162 2668 298 2762 adjuvit
326 2659 393 2738 Alii
415 2670 456 2758 Q.
481 2667 652 2738 Sallustius
675 2671 815 2738 Hermes
836 2669 932 2756 etQ.
956 2666 1128 2738 Sallustius
1147 2669 1238 2739 Felix

162 2776 196 2843 in
217 2790 285 2845 vet
311 2775 505 2870 epithaphio
534 2799 585 2870 ap.
620 2774 805 2845 Montlauc.
831 2775 1045 2868 Antiquitatis
1066 2775 1238 2871 explicata

163 2884 259 2952 Tom.
281 2883 327 2969 V,
345 2881 566 2976 supplementi
587 2905 662 2976 pag.
683 2879 752 2966 65,
776 2880 843 2950 tab.
870 2904 987 2950 xxvru
1008 2896 1042 2950 et
1061 2907 1161 2952 xxix.
1185 2886 1237 2952 Dc

163 2988 318 3060 Sallustio
331 3003 396 3056 vet.
417 2987 575 3058 historico
587 2988 740 3058 conferre
757 2985 868 3058 licebit
884 2989 973 3056 Dan.
993 2987 1081 3059 Guil.
1105 2987 1238 3058 Molleri

165 3095 430 3166 dissertationem
458 3093 579 3163 editam
613 3093 765 3163 Altdorfii
797 3092 916 3182 1684,
942 3106 976 3162 et
1003 3109 1085 3163 orat.
1113 3095 1236 3166 Christ.

166 3200 291 3288 colari,
308 3200 463 3272 Nor-irnh.
482 3198 596 3294 1598,
617 3201 772 3271 8.Vitam
788 3201 946 3294 scripturn
961 3225 981 3268 a
996 3203 1090 3270 Joan.
1107 3201 1238 3272 Clerico

165 3322 199 3377 et
212 3309 376 3378 inWassii
396 3306 473 3376 edit.
492 3307 627 3375 obviam
648 3309 792 3376 servavit
809 3309 844 3374 in
860 3304 991 3374 Sallust.
1012 3331 1073 3376 suo
1089 3311 1237 3378 Caietan.

165 3414 309 3510 Vulpius
333 3440 341 3482 :
368 3415 467 3482 etiam
492 3413 675 3508 Thyvonus
703 3412 896 3482 translatam
928 3409 1052 3504 gallicae
1081 3438 1148 3484 suae
1180 3415 1236 3485 ad-

162 3521 273 3614 junxit
293 3522 456 3608 versioni,
486 3519 542 3590 sed
567 3520 687 3620 additis
711 3517 1070 3608 animadversionibus,
1096 3519 1240 3592 Sallustii

165 3627 289 3697 famam
304 3625 568 3696 defendentibus.
587 3613 718 3696 Citatur
734 3625 808 3696 Sall.
831 3651 851 3694 a
872 3628 992 3696 Graeco
1008 3629 1171 3723 scriptore
1187 3633 1238 3699 Jo.

166 3735 377 3805 Antiocheno
395 3733 431 3802 in
451 3734 614 3828 excerptis
628 3733 841 3802 Peirescianis
863 3758 895 3827 p.
914 3729 1010 3829 793:
1027 3735 1090 3802 Καὶ
1110 3737 1241 3804 Σαλλού-

168 3867 253 3920 στιος
278 3848 294 3910 ὁ
315 3826 457 3934 Ῥωμαῖος
480 3841 668 3934 συγγραφεὺς
695 3841 750 3932 ἔφη
770 3846 873 3918 καλοῖς
892 3842 984 3908 αὐτὸν
1002 3829 1074 3928 (τὸν
1102 3841 1241 3932 Σύλλαν)

169 3949 366 4042 ἐγχειρήμασι
378 3947 525 4016 κάκιστον
540 3948 749 4040 ἐπενηνοχέναι
761 3947 798 4013 τὸ
810 3949 906 4026 τέλος.
918 3946 1078 4016 Codicem
1089 3949 1152 4018 Ms.
1163 3949 1239 4019 Sall.

209 4132 236 4166 ι.
259 4113 321 4169 Vid.
336 4113 392 4170 Pet.
409 4109 521 4168 Relaodi
536 4112 616 4167 fastos
632 4111 797 4174 consulares,
811 4131 838 4182 p.
854 4115 921 4181 696.

1005 4193 1069 4299 Ga.
