2950 4646
142 315 145 322 ’
194 361 264 444 140
545 357 892 428 incurrenti.

295 485 446 552 facinoris
472 476 640 575 perculsus
664 509 732 550 rem
760 484 891 576 aggredi
918 501 1149 566 cunctaretur,
1172 511 1250 553 eum

297 614 355 682 per
369 592 489 658 litteras
506 591 697 658 confirmare
713 593 829 657 nititur
846 593 1013 658 Bomilcar.

189 697 304 764 LXXI.
331 699 489 788 Epistola,
505 701 541 764 in
556 701 691 790 pulvino
709 699 900 764 dormientis
911 699 1078 766 Nabdalsa
1091 703 1174 767 sorte
1191 699 1249 766 de·

298 806 471 894 prehensa,
491 806 533 873 ad
552 831 662 900 regem
683 808 854 898 perfertur.
873 807 981 890 Quem
998 807 1168 872 confestim
1183 806 1251 872 adit

297 911 349 976 illc
366 963 374 990 ‚
390 915 516 978 veniam
532 931 732 1004 precaturus.

188 1016 322 1084 LXXII.
356 1019 523 1086 Nabdalsae
543 1022 705 1112 Iugurtha
727 1019 850 1110 placide
872 1019 1067 1109 respondct;
1093 1017 1250 1082 Bomilca-

300 1147 369 1188 rem
388 1127 533 1216 aliosque
550 1127 741 1194 insidiarum
753 1127 899 1192 conscios
917 1125 1079 1191 interficit.
1094 1125 1172 1190 Mox
1183 1125 1252 1214 ipsc

298 1231 428 1296 vecordi
443 1233 618 1296 formidine
635 1234 824 1320 exagitatur.

190 1337 339 1403 LXXIII.
352 1338 502 1403 Metellus
512 1388 520 1415 ‚
530 1339 662 1428 cognito
672 1360 747 1402 casu
758 1333 959 1418 Bomilcaris,
970 1337 1081 1400 omnia
1095 1352 1252 1424 tanquam

300 1441 341 1506 ad
371 1444 535 1533 integrum
561 1443 683 1525 bellarm
711 1459 811 1531 parat.
838 1441 978 1506 Marium
1001 1441 1189 1531 fatigantem
1212 1441 1255 1505 de

299 1549 522 1635 profectione,
538 1547 675 1612 domum
698 1546 843 1612 dimittit.
865 1547 986 1629 Mario,
1003 1547 1129 1611 homini
1145 1569 1254 1630 novo,

301 1652 488 1716 consulatus
504 1669 537 1716 et
552 1652 693 1718 Africani
710 1652 785 1716 belli
803 1669 881 1716 cura
897 1651 1079 1720 mandatur.

188 1757 337 1826 LXXIV.
368 1759 504 1822 Interim
517 1759 694 1849 Iugurtha,
706 1756 787 1824 dum
800 1759 908 1848 copias
924 1759 990 1822 huc
1004 1759 1082 1822 illuc
1098 1757 1255 1840 traducit,

300 1872 395 1962 inops
422 1875 571 1958 consilii,
594 1896 654 1939 nec
675 1876 748 1940 loco
776 1898 836 1940 nec
857 1875 983 1939 homini
1006 1875 1158 1962 cuiquam
1181 1874 1257 1939 satis

303 1978 426 2064 fidens3
452 1981 582 2046 Metello
606 2003 674 2046 non
697 1998 813 2071 sponte
835 1981 964 2046 obviam
986 1982 1109 2058 lactus,
1133 1995 1257 2071 pugnat

302 2101 336 2149 et
352 2103 503 2151 vrncrtur.

194 2193 324 2259 LXXV.
357 2194 470 2260 Victus
488 2197 523 2258 in
542 2193 752 2278 solitudines,
769 2195 844 2259 dein
861 2193 995 2259 Thalam
1010 2194 1174 2283 pervenit3
1190 2213 1258 2281 quo

305 2299 455 2368 Metellus
471 2323 548 2364 eum
564 2317 691 2364 mature
713 2299 943 2388 consequitur.
958 2299 1028 2363 loca
1042 2297 1167 2362 deserta
1187 2297 1258 2362 feli·

305 2406 386 2471 citer
402 2429 563 2472 emensus.
1236 2477 1238 2484 ,

197 2511 342 2580 LXXVI.
363 2512 524 2601 iugurtha
548 2535 587 2576 ex
612 2512 694 2576 urbe
717 2527 818 2576 noctu
840 2511 995 2602 prolirgit.
1019 2511 1065 2574 Ea
1086 2509 1260 2600 potiuntur

306 2633 381 2705 post
398 2616 610 2706 quadraginta
625 2617 753 2682 dierum
775 2616 978 2682 obsidionem
995 2617 1152 2702 Romani3
1168 2633 1260 2705 post·

307 2745 406 2810 quam
424 2725 584 2814 perfuga,
605 2726 663 2812 qui
686 2725 721 2789 in
738 2725 860 2814 oppido
875 2741 989 2804 erant,
1000 2747 1068 2789 sese
1084 2747 1159 2789 cum
1176 2722 1261 2789 divi·

308 2835 360 2898 tiis
378 2852 677 2900 concremaverunt.

198 2941 360 3006 LXXVII.
378 2941 503 3030 Leptim
514 2941 715 3030 praesidium,
725 2965 802 3009 cum
814 2944 851 3008 C.
862 2943 970 3008 Annio
982 2943 1147 3033 praefecto,
1160 2939 1262 3005 mittit

308 3063 439 3137 rogatus
455 3048 496 3112 ab
512 3049 626 3112 incolis
643 3048 802 3114 Metellus.
1223 3111 1229 3122 ‚

199 3153 377 3218 LXXVIII.
401 3153 509 3244 Leptis
519 3177 537 3218 a
549 3154 688 3219 Sidoniis
700 3154 847 3238 condita3
864 3155 925 3221 sita
940 3156 1026 3220 inter
1040 3153 1120 3220 duas
1133 3153 1261 3242 Syrtes,

311 3277 383 3348 'quae
400 3260 539 3326 breviter
556 3260 797 3326 describuntur.

201 3367 348 3432 LXXIX.
371 3367 528 3434 Narratur
546 3391 605 3457 per
626 3367 857 3458 digressionem
878 3368 1099 3432 Philaenorum
1124 3367 1263 3430 nauum

310 3473 518 3538 memorabile
527 3474 734 3561 facinus‚qni
741 3473 870 3537 scultro
879 3473 968 3537 vivos
977 3472 1072 3536 obrui
1080 3470 1163 3560 passi
1170 3485 1264 3554 sunt,

310 3603 377 3667 quo
401 3581 511 3668 patria
527 3602 594 3643 suae
611 3579 812 3670 Carthaginis
828 3577 907 3644 fines
923 3579 1052 3668 longius
1068 3579 1264 3667 proferrent.

201 3687 332 3754 LXXX.
362 3685 485 3750 Amissa
501 3685 618 3768 Thala,
634 3708 692 3774 per
707 3709 838 3776 magnas
855 3683 1045 3752 solitudines
1061 3707 1137 3749 cunr
1154 3683 1267 3772 paucis

311 3791 476 3880 profectus
499 3791 659 3879 iugurtha
682 3793 828 3880 pervenit
851 3791 892 3856 ad
916 3791 1082 3868 Gaetulos,
1101 3813 1120 3854 e
1144 3787 1265 3877 quibus

311 3919 435 3962 novum
454 3895 632 3962 exercitum
648 3897 747 3988 cogit.
764 3900 922 3964 Praeterea
937 3919 1046 3987 regem
1062 3894 1266 3961 Mauritania

313 4003 481 4068 Bocchum
495 4001 536 4067 ad
552 4002 626 4068 belli
640 4004 826 4070 societatem
842 4004 971 4094 pellicit.

203 4107 352 4196 LXXXI.
385 4111 561 4200 Postquam
573 4109 743 4200 utriusque
758 4109 1012 4200 ῑοςὶεειοτοὶωε
1023 4109 1059 4174 iu
1068 4107 1268 4174 destinatum
