2938 4654
593 383 902 455 JUGURTHA.
1210 382 1284 456 263

219 539 403 610 paucorum
421 503 547 612 potiti&
571 541 649 586 nam
667 517 771 588 ferme
789 515 952 587 Numidas
967 516 1002 584 in
1021 515 1176 588 omnibus
1198 544 1286 615 prae-

219 621 269 692 liis
291 622 392 717 pedes
411 625 536 718 magis,
553 649 655 719 quum
676 649 769 694 arma
791 638 862 693 tuta
884 637 971 694 sunt.

271 731 411 802 LXXV.
433 734 483 800 Ea
499 730 577 826 fuga
594 734 774 826 impensius
788 729 905 802 modo¹
922 731 1021 802 rebus
1036 733 1102 802 suis
1119 731 1288 824 diffidens,

219 860 294 909 cum
313 837 461 932 perfugis
478 851 512 908 et
527 852 623 934 parte
643 841 808 934 equitatus
828 840 862 906 in
885 835 1092 929 solitudines,
1104 839 1180 910 dein
1198 842 1286 912 Tha·

218 939 284 1015 lam
310 946 488 1039 pervenit:
510 945 543 1014 id
564 946 725 1042 oppidum
755 969 914 1066 magnum
937 959 971 1014 ct
993 945 1209 1042 opulentum,
1231 950 1289 1021 ubi

216 1048 365 1146 plerique
392 1052 537 1122 thesauri
546 1052 833 1148 ,filiorumque
805 1077 875 1146 ejus
896 1051 1022 1124 multus
1043 1056 1192 1149 pueritiae
1213 1055 1288 1128 cul-

218 1171 270 1228 tus
287 1155 387 1228 erat².
410 1159 495 1248 Quae
515 1174 691 1255 postquam
710 1158 846 1230 Metello
870 1175 1057 1290 comperta,
1084 1185 1287 1282 quamquam

216 1264 302 1334 inter
316 1263 457 1338 Thalam
472 1265 662 1362 flumenque
675 1249 908 1363 proxumum³,
919 1268 1060 1361 spatio
1039 1265 1177 1358 millium
1191 1271 1287 1362 quin·

216 1373 390 1466 quaginta,
396 1370 775 1468 loeaaridaatquevasta
788 1398 858 1446 esse
871 1389 1091 1468 cognoveram
1099 1389 1213 1445 tamen
1227 1401 1286 1471 spe

215 1478 367 1570 patrandi
384 1477 519 1566 belli,
495 1506 522 1550 sr
541 1481 612 1574 ejus
630 1481 745 1577 oppidi
764 1483 889 1578 potitus
908 1479 1013 1572 foret,
1030 1507 1147 1552 omnes
1167 1484 1288 1578 asperi·

215 1598 300 1664 tates
318 1586 558 1680 superuadere,
579 1612 619 1658 ac
637 1603 791 1661 naturam
808 1589 908 1660 etiam
931 1589 1064 1660 vincere
1082 1588 1284 1685 aggreditur.

215 1691 322 1786 Igitur
342 1694 454 1762 omnia
466 1693 619 1787 jumenta
639 1698 776 1785 sarcinis
793 1693 896 1766 levari
909 1695 1022 1790 jubet,
1034 1698 1096 1768 nisi
1116 1695 1286 1768 frumento

214 1797 344 1868 dierum
371 1799 506 1886 decem3
530 1817 678 1872 ceterum
700 1817 790 1872 utres
812 1803 932 1890 modo,
956 1818 990 1872 et
1010 1802 1075 1872 alia
1095 1829 1189 1898 aquae
1210 1803 1286 1873 ido·

214 1929 277 1976 nea
293 1909 430 2002 portari.
452 1909 615 1990 Preterea
633 1911 800 2046 conquirit
812 1933 854 1980 ex
867 1911 973 2004 agris,
984 1935 1086 2005 qnam
1104 1909 1286 2006 plurimum

214 2027 340 2108 potest,
362 2012 478 2091 domiti
500 2003 663 2112 pecorisl:
656 2041 719 2086 .eo
740 2017 882 2112 imponit
901 2040 981 2086 vasa
999 2017 1288 2112 cujusquemodi,

214 2117 373 2216 pleraque
395 2120 518 2216 lignea,
536 2121 675 2212 collecta
691 2148 733 2192 ex
748 2124 889 2218 tuguriis
904 2123 1136 2208 Numidarum.
1152 2123 1206 2194 Ad
1220 2124 1287 2194 hoc

214 2225 405 2299 finitumis
397 2243 556 2324 imperat,
571 2230 627 2324 qui
640 2254 675 2320 se
688 2243 764 2324 post
785 2231 871 2324 regis
893 2228 1008 2324 ¹fugam
1029 2229 1167 2300 Metello
1186 2229 1286 2300 dede·

213 2349 306 2422 rant,
322 2358 423 2430 quam
442 2335 623 2430 plurimum
645 2338 784 2431 quisque
804 2360 897 2430 aqrrae
914 2350 1106 2430 portarent:
1129 2336 1217 2422 diem
1237 2336 1285 2406 lo-

215 2463 379 2536 cumque,
399 2442 456 2512 ubi
475 2458 597 2538 praesto
618 2443 753 2532 forent,
779 2442 937 2538 praedicit.
964 2445 1041 2538 Ipse
1062 2467 1104 2512 ex
1130 2443 1286 2532 flumine,

213 2571 314 2642 quam
332 2573 531 2644 proxumam
552 2551 675 2646 oppido
697 2573 818 2646 aquam
836 2573 938 2645 supra
959 2549 1120 2639 diximus,
1134 2551 1286 2644 jumenta

255 2773 283 2831 ι.
291 2767 378 2822 Potiti.
386 2767 524 2838 Ilotarum
530 2765 728 2825 hocverbodu·
773 2778 823 2822 true
833 2766 966 2840 intellige,
977 2764 1113 2835 sedulum,
1125 2780 1287 2837 accuratum,

213 2847 311 2920 plieem
318 2865 408 2901 casum
417 2866 425 2902 :
435 2847 533 2900 «Potiti
541 2846 729 2919 suntaliquan·
772 2846 943 2920 magnificum
954 2885 963 2914 ,
976 2847 1056 2900 telem
1074 2845 1191 2922 denique
1203 2847 1288 2922 qualia

213 2940 245 2981 to
255 2946 369 2981 numero
385 2928 522 2999 signorum
536 2941 564 2981 et
579 2945 729 2994 armorum
771 2925 859 2998 regios
870 2925 1048 2982 adolescentes
1059 2926 1144 2984 decet.
1157 2930 1226 2983 Nam
1238 2931 1289 2988 eut·

213 3009 293 3081 potiti
315 3020 377 3062 eunt
397 3025 545 3080 paucorum
565 3008 692 3061 hostium.
713 3033 725 3056 ι
773 3019 812 3060 rur
820 3007 899 3062 simul
908 3020 935 3061 et
947 3006 980 3061 ad
991 3021 1170 3077 ornatum,et
1178 3009 1213 3064 ad
1223 3009 1288 3065 edu·

214 3089 314 3144 Dehec
324 3107 398 3142 casus
406 3088 553 3142 mutatione
559 3091 614 3160 jam
626 3086 730 3144 dictum
772 3087 904 3141 cntionem
921 3089 1047 3160 pertinet.

214 3181 270 3236 eet,
287 3167 554 3234 catil.xxxl11,n.
570 3187 595 3222 1.
611 3167 730 3236 Quidam
813 3165 841 3221 3.
864 3167 1011 3244 Flimreuque
1029 3189 1184 3240 procurem.
1206 3169 1288 3237 Quod

213 3249 353 3316 scribunt,
372 3253 493 3320 signorum
510 3261 536 3300 et
552 3269 683 3311 armorum,
706 3259 732 3300 et
772 3247 897 3301 ultimum
904 3247 1083 3302 ante'Ilralam
1092 3249 1285 3306 inveniebatur.

212 3329 340 3404 aliquarum
354 3348 451 3382 nequem
459 3329 574 3394 hostiurn,
587 3329 623 3384 ιιι
632 3327 729 3382 utom'·
772 3359 813 3373 -
825 3314 903 3381 Utres.
921 3329 1003 3392 Vasa,
1014 3329 1056 3382 vel
1068 3329 1157 3400 potine
1171 3331 1239 3386 sacci
1253 3350 1285 3386 ex

212 3409 730 3562 3?.t‡”tll³t¹}tlt“ttt.tt.ittt·
771 3407 1286 3560 &lwttltddttt

298 3531 304 3543 ·
720 3528 727 3551 ι
842 3525 850 3552 ι
1276 3529 1285 3559 9

213 3567 288 3641 quod
300 3570 329 3624 ιιι
338 3569 463 3624 omnibus
474 3569 550 3624 Mss.
562 3569 692 3635 occurrit,
703 3581 731 3624 et
772 3566 914 3640 Hispania,
928 3579 955 3628 et
964 3563 1022 3620 aliis
1031 3566 1191 3640 quibusdam
1202 3571 1287 3642 regio·

210 3649 348 3718 minorem
363 3669 506 3706 numerum
521 3647 635 3716 indicat,
648 3668 729 3722 quam
772 3647 866 3718 nibus,
879 3647 913 3702 ad
928 3643 1067 3702 serendum
1080 3647 1174 3704 vinum
1183 3650 1286 3704 oleum-

213 3730 340 3804 alquanto
351 3749 458 3794 ιιιιιιιιο,
473 3731 518 3784 cui
530 3729 685 3804 opponitur.
773 3747 825 3800 que
836 3747 887 3800 pro
901 3725 980 3782 doliis
993 3740 1116 3782 uniatur.

256 3809 635 3882 emaxxv,11.1mpensuu
650 3809 729 3864 uodo.
814 3815 841 3874 4.
864 3809 961 3862 Domiti
981 3813 1083 3880 peeoris
1100 3807 1222 3882 Intellige
1243 3828 1286 3863 er·
1340 3839 1348 3852 ·

213 3887 288 3942 Vide
317 3887 437 3949 eamdem
465 3889 628 3956 dictionem,
649 3909 730 3964 supra
773 3901 862 3944 menta
878 3893 1007 3962 cujusque
1030 3887 1148 3965 generis,
1169 3888 1286 3946 serendis

213 3968 322 4025 XLVII
330 3971 502 4042 ,etquoilri
517 3969 675 4027 notavimus.
772 3969 898 4024 oneribus
913 3967 1017 4032 idonee.
1024 3967 1231 4042 -Eoinponr‘t
1244 3971 1286 4027 Eo

258 4007 651 4122 ..Miumpusrntacuummr
663 4049 730 4122 Met
773 4047 959 4112 adverbialiter
977 4049 1113 4106 sumitur.
1123 4051 1150 4104 in
1163 4049 1192 4128 id
1201 4070 1283 4123 pecus.

1059 4153 1071 4199 ι

1003 4190 1046 4263 ¹7
