2950 4648
234 409 307 506 lte
548 409 617 477 ιι)
645 411 682 478 c.
712 404 981 478 casinen

284 541 344 608 Vl.
364 537 428 608 Sed
444 563 510 607 non
530 541 666 626 inscius,
681 565 787 634 neque
802 539 994 636 imprudens
1012 565 1084 608 sum
1096 537 1118 626 ¹,
1137 563 1239 632 quum
1251 563 1291 608 ea

232 670 284 714 res
312 659 444 740 agetur,
466 670 538 739 quae
565 648 707 734 saevitia,
731 671 868 740 quaeque
890 659 1100 741 tempestates
1118 645 1302 714 hominum·

233 749 390 818 nobilium
403 751 521 820 futurae
532 753 598 821 sint
606 777 615 838 3
624 777 727 846 quum
739 751 1010 847 indignabuntur,
1022 753 1133 820 omnia
1144 750 1302 822 funditus

232 857 378 943 misceri,
394 859 535 950 antiquis
548 858 675 926 civibus
692 859 777 926 hanc
790 860 980 927 servitutem
992 859 1139 952 imponi,
1152 881 1290 950 regnum

232 961 375 1057 denique
385 988 425 1031 ex
439 961 541 1032 libera
555 965 688 1032 civitate
698 963 846 1032 flaturum
856 1017 866 1050 ,
877 964 934 1032 ubi
949 965 1044 1032 unius
1058 987 1195 1032 munere
1206 961 1289 1031 mul·

234 1068 340 1138 titudo
361 1070 476 1164 ingens
500 1072 534 1138 in
557 1072 725 1138 civitatem
745 1072 941 1164 pervenerit.
968 1069 1129 1164 Equidem
1155 1093 1217 1163 ego
1244 1070 1290 1138 sic

233 1175 321 1269 apud
342 1177 488 1244 animum
512 1201 622 1244 meum
645 1191 769 1260 statuo,
787 1175 910 1244 malum
929 1175 1054 1245 facinus
1068 1177 1101 1242 in
1119 1199 1154 1244 se
1175 1173 1290 1242 admit·

234 1295 318 1366 tere,
330 1282 384 1374 qui
398 1282 608 1351 incommodo
620 1280 807 1375 reipublicae
820 1283 958 1376 gratiam
972 1281 1032 1350 sibi
1047 1279 1216 1364 conciliet;
1233 1281 1289 1349 ubi

232 1385 358 1455 bonum
377 1387 546 1481 publicum
565 1391 662 1456 ctiam
685 1389 839 1482 privatim
860 1391 933 1456 usui
954 1401 1022 1472 est,
1040 1387 1073 1455 id
1095 1412 1176 1456 vero
1197 1386 1290 1455 dubi-

234 1506 304 1561 tare
331 1492 485 1586 aggredi,
514 1492 672 1562 socordiae
698 1508 797 1588 atque
827 1495 963 1588 ignaviae
994 1493 1090 1561 duco.
1123 1495 1171 1560 M.
1197 1494 1291 1561 Livio

233 1596 361 1668 Druso²
387 1623 517 1693 semper
542 1598 713 1668 consilium
742 1598 820 1686 tuit,
842 1601 876 1666 in
897 1599 1066 1667 tribunatu
1083 1621 1211 1667 summa
1229 1623 1292 1692 ope

274 1797 390 1854 cmvt
405 1817 429 1852 r.
443 1797 499 1852 Non
508 1801 690 1872 intimaeque
702 1799 745 1852 im·
787 1796 907 1872 cognita,
921 1819 980 1872 quar
994 1819 1055 1854 eum
1068 1818 1170 1872 semper
1182 1799 1292 1853 comita·

233 1879 338 1950 prudent
351 1898 410 1932 sunt.
425 1877 485 1932 Seio
497 1877 620 1950 equidem
634 1891 661 1935 et
675 1891 743 1950 pru·
787 1881 890 1938 batur,
918 1881 1019 1933 cinctus
1050 1878 1241 1945 multitudine,
1262 1879 1291 1930 in

235 1956 323 2011 video.
341 1989 381 2001 —
404 1959 479 2010 Hanc
493 1963 626 2011 servitutem
648 1962 743 2030 imponi.
787 1958 956 2012 atriodomus
964 1978 1017 2012 suat
1026 1960 1133 2012 cultello
1141 1977 1293 2031 percussus,

238 2039 291 2090 Tot
301 2057 385 2090 novos
397 2040 465 2092 cives
477 2037 635 2102 adsciscere,
650 2037 678 2090 id
690 2057 745 2092 esse
787 2041 835 2110 qui
848 2040 940 2092 affixus
954 2039 1029 2092 lateri
1044 2041 1101 2109 ejus
1113 2039 1220 2091 relictus
1240 2049 1293 2100 est,

238 2117 353 2188 antiquis
366 2119 518 2171 servitutem
537 2118 683 2189 imponere.
705 2147 745 2162 -
788 2119 858 2172 intra
871 2137 967 2190 paucas
982 2119 1060 2171 horas
1073 2117 1192 2170 decessit.
1205 2143 1216 2164 ι
1226 2118 1293 2170 Item

239 2197 381 2250 Adtrittere.
395 2197 436 2251 Sic
444 2197 744 2252 natmexvaucano.
788 2199 857 2252 Livii
886 2198 958 2270 Epit.
984 2215 1073 2250 aut:
1102 2223 1113 2244 ι
1137 2197 1175 2250 Μ.
1204 2195 1294 2249 Livius

239 2276 346 2330 Curtius
360 2297 425 2330 vero
439 2297 446 2331 :
462 2280 612 2330 committere.
789 2278 906 2342 Drttsus,
921 2278 1043 2330 uibunus
1057 2278 1154 2348 plebis,
1166 2289 1196 2329 ut
1211 2277 1293 2348 majo-

281 2377 307 2410 a.
333 2357 372 2410 M.
397 2359 465 2410 Livio
491 2358 583 2411 Druso.
607 2355 678 2409 Huic
707 2356 746 2409 rei
788 2358 862 2410 ribus
875 2357 976 2410 viribus
999 2369 1103 2409 senatur
1122 2374 1226 2410 cautam
1242 2373 1296 2408 sue-

240 2435 328 2490 lucem
355 2437 446 2490 afferet
466 2436 598 2498 Velleius,
614 2455 655 2500 rr,
681 2437 715 2494 13
737 2453 745 2488 ε
788 2451 892 2508 ceptam
920 2448 1054 2502 tueretur,
1075 2437 1160 2490 socios
1179 2447 1206 2488 et
1226 2433 1294 2487 itali·

244 2514 369 2570 ·Deinde
387 2516 531 2587 interjectis
548 2517 639 2587 paucis
657 2516 745 2580 anuis,
789 2535 833 2570 cos
849 2517 962 2589 populos
979 2535 1025 2587 spe
1042 2515 1154 2568 civitatis
1178 2533 1293 2567 romane

240 2596 404 2649 tribunatum
416 2596 476 2647 iniit
486 2596 524 2648 M.
535 2596 625 2649 Livius
631 2597 747 2658 Drusus,
789 2597 959 2659 sollicitavit;
983 2596 1067 2667 iisque
1086 2593 1271 2666 adjuvantibus
1286 2634 1294 2658 ,

239 2675 283 2726 vir
294 2675 487 2730 nobilissimus,
503 2674 747 2745 eloquentissimus,
789 2693 838 2746 per
857 2676 912 2727 vim
928 2675 1029 2745 legibus
1053 2675 1160 2746 agrariis
1178 2675 1294 2726 l'rumen-

242 2753 431 2818 sanctissimue,
442 2752 551 2804 meliore
567 2755 594 2806 in
607 2753 695 2806 onmia
709 2754 748 2805 in·
790 2755 915 2824 tariisque
929 2755 1003 2818 latis,
1012 2753 1179 2824 judiciariam
1191 2771 1295 2824 quoque

242 2833 320 2903 genio
351 2833 512 2902 animoque,
536 2851 616 2902 quam
642 2833 748 2884 fortuna
790 2835 925 2906 pertulit,
953 2845 983 2886 ut
1005 2851 1078 2905 atqua
1101 2846 1177 2904 parte
1197 2831 1294 2905 judicie

241 2929 304 2963 usus
321 2911 389 2982 :qui
410 2929 493 2981 quum
509 2913 609 2964 senatui
630 2912 748 2983 priscum
790 2932 871 2985 penes
883 2925 1002 2966 senatum
1019 2926 1045 2966 et
1062 2925 1207 2985 equestrem
1223 2910 1295 2964 ordi·

242 2989 381 3042 restituere
396 3003 504 3060 cuperet
515 2989 607 3056 decus,
614 3003 640 3042 et
649 2989 749 3061 judicia
790 3011 852 3046 uem
863 3006 956 3046 essent„
965 2994 1055 3058 Quam
1063 2989 1160 3044 deinde
1170 2992 1296 3064 promissa

243 3070 276 3122 ab
305 3069 437 3142 equitibus
461 3068 494 3122 ad
523 3073 585 3122 etim
609 3070 749 3123 ususlerre
792 3073 868 3126 sociis
883 3073 973 3125 civitas
988 3073 1106 3144 prestari
1120 3091 1175 3124 uon
1191 3083 1295 3142 posset,

243 3147 384 3215 ordinem,
393 3189 440 3203 .....
455 3150 483 3202 in
499 3150 532 3202 iis
547 3151 610 3222 ipsis
625 3168 684 3222 qute
699 3169 749 3222 pro
792 3153 853 3205 irati
882 3151 966 3205 Italici
996 3151 1170 3205 delectionem
1199 3153 1296 3223 agitare

243 3242 334 3282 senatu
344 3229 516 3296 moliebatur,
527 3243 645 3284 senatum
656 3229 750 3283 habuit
791 3244 965 3303 ceperunt...
975 3233 1088 3304 Propter
1095 3249 1154 3303 quae
1162 3231 1222 3283 Liv.
1231 3233 1297 3283 Dru·

243 3307 441 3374 adversarium,
463 3329 517 3362 non
545 3310 750 3382 intelligentem,
793 3313 934 3364 autetiam
956 3313 1058 3364 senatui
1075 3311 1174 3363 inrisus
1196 3311 1297 3372 factus,

244 3389 267 3442 ri
283 3409 334 3461 qua
356 3388 390 3443 de
409 3390 494 3460 plebis
508 3389 654 3444 commodis
667 3391 699 3442 ah
718 3408 750 3443 eo
792 3391 865 3444 velut
872 3392 973 3445 socialis
982 3391 1045 3444 belli
1055 3391 1297 3455 auctor,incertum

245 3483 406 3540 agerentur,
423 3471 506 3528 veluti
527 3469 673 3524 inescandat
698 3469 749 3522 illi·
793 3489 894 3542 amic,
914 3469 987 3524 domi
1013 3471 1114 3524 occisus
1134 3483 1181 3522 est.
1194 3496 1205 3516 ι
1228 3467 1299 3522 Vide

245 3548 398 3621 claudatque
407 3547 584 3603 multitudinis
594 3569 670 3603 causa
678 3549 750 3615 fieri,
793 3550 872 3604 etiam
884 3551 955 3604 Flor.
972 3567 1022 3613 ιη,
1035 3569 1086 3620 ¹7³
1099 3549 1158 3602 Val.
1174 3550 1246 3601 Max.
1258 3567 1299 3612 tx,

245 3643 296 3694 ut,
315 3629 463 3682 minoribus
485 3629 630 3700 perceptis,
651 3631 751 3699 majora
796 3631 826 3695 5,
840 3649 854 3682 a
869 3649 876 3683 :
891 3631 1058 3683 AurelVict.
1073 3627 1107 3682 de
1118 3629 1177 3681 Vir.
1189 3629 1299 3693 Ilicem,

244 3708 751 3778 petruitteret...TumconrerausDrusi
794 3711 851 3764 Cic.
865 3729 915 3780 pro
930 3709 1034 3763 Cluent.
1051 3727 1112 3772 arr,
1127 3719 1153 3760 et
1171 3706 1207 3760 de
1224 3707 1299 3760 Orat.

248 3788 366 3853 animus,
378 3785 486 3860 quando
501 3789 569 3840 bene
588 3801 671 3858 coepta
684 3789 751 3842 mele
796 3807 822 3854 r,
834 3807 862 3859 7,
875 3801 902 3842 et
913 3807 965 3854 nr,
984 3789 1139 3860 13Appian.
1154 3787 1219 3840 Bell.
1241 3787 1298 3840 Gir.

247 3865 390 3932 cedebant,
415 3865 448 3920 ad
477 3865 590 3920 dandam
619 3867 751 3920 civitatem
796 3889 823 3932 r,
839 3871 889 3934 353
904 3870 966 3922 Tac.
981 3871 1050 3921 Anu.
1066 3885 1114 3932 ιιι,
1133 3885 1177 3936 ²7-
1191 3867 1301 3919 Mortuo

247 3944 337 3999 Italiac.
351 3945 432 4012 Quod
444 3965 528 4019 quum
542 3947 653 4000 moliens
667 3965 754 4000 rerer·
796 3950 899 4014 Druso,
913 3951 969 4019 ejus
986 3949 1053 4018 leges
1069 3947 1156 3998 statim
1171 3948 1301 4017 abrogat·

251 4024 323 4078 tirset
338 4044 352 4078 e
369 4025 447 4093 loro,
465 4027 590 4081 humecta
609 4027 653 4080 illa
669 4039 696 4080 et
711 4027 753 4080 in·
797 4039 866 4080 strat
880 4028 965 4083 Cicer.
979 4025 1086 4096 deLeg.
1103 4043 1143 4090 tt,
1159 4027 1301 4092 musone
