2922 4642
390 393 431 460 C.
468 391 643 460 CRISPI
676 392 966 464 SALLUSTII.
1109 419 1202 466 xxur

145 523 322 610 infensum,
343 523 384 594 de
406 548 475 619 quo
503 548 603 618 supra
625 527 905 612 memoravimus3
927 541 961 596 et
985 551 1058 626 qua
1085 528 1205 601 dixerit

141 627 210 720 ille,
228 656 289 702 seu
305 654 404 719 vera,
425 655 484 700 seu
502 629 602 718 falsa,
622 629 803 702 faciliorem
823 631 912 726 apud
930 632 1083 707 homines
1103 634 1202 708 fidem

142 741 323 827 insenisse3
338 739 437 808 insita
453 739 592 834 ingeniis
612 737 767 809 humanis
782 737 925 827 malitia,
940 765 1012 834 quae
1030 741 1065 809 in
1085 742 1202 812 eodem

142 846 275 916 homine
292 845 394 914 verba
410 843 524 932 facus,
542 858 681 939 utraque
701 846 735 918 in
753 866 896 941 pravum
916 845 1130 942 detorquens,
1146 874 1204 944 op-

140 976 264 1046 ponere
285 951 407 1046 gaudet
428 977 435 1018 :
455 951 535 1021 hinc
553 967 817 1048 preconceptatn
837 952 879 1027 de
894 952 1048 1026 Sallustio
1067 957 1202 1050 opinio·

141 1084 215 1128 nem
240 1060 347 1154 magis
376 1060 412 1128 in
437 1057 506 1128 dies
528 1060 574 1128 ita
592 1057 787 1146 invaluisse,
806 1074 845 1128 ut
870 1084 960 1131 nuno
980 1083 1051 1139 rem
1073 1062 1203 1156 integm

138 1165 262 1257 judicio
275 1163 498 1280 perpendere,
511 1167 635 1234 nemini
651 1166 719 1234 lere
730 1167 765 1234 in
777 1179 923 1241 mentem
937 1168 1057 1241 veniat.
1072 1169 1125 1241 sn
1137 1168 1203 1238 hoc

142 1272 172 1340 ei
190 1273 225 1340 in
243 1270 390 1366 aliquam
407 1273 507 1342 etiam
525 1271 655 1344 laudem
671 1286 837 1359 vertetur,
856 1272 946 1367 quod
963 1272 1204 1352 eumCatilina

142 1401 208 1446 non
222 1377 466 1471 conjuraverit,
487 1377 605 1450 ardens
619 1379 775 1473 juventa,
788 1378 1023 1475 cupiditatibus
1038 1379 1204 1474 flagrans,

16 1519 17 1522 π
142 1485 253 1579 inopia
265 1483 434 1580 perditus?
443 1488 542 1558 Certe
553 1485 645 1558 nulla
663 1485 853 1558 delensioin
867 1511 908 1558 eo
922 1486 1205 1582 pretermittenda

16 1585 18 1616 ⁵
143 1605 207 1678 est,
222 1592 258 1660 in
273 1616 371 1686 quem
389 1590 487 1665 nullis
503 1593 634 1688 probris
644 1593 883 1678 abstinuerunt.
894 1594 1003 1667 Nobis
1020 1619 1118 1682 vero,
1128 1595 1203 1688 qui·

144 1696 202 1767 bus
214 1697 252 1766 id
269 1713 400 1768 mamm
413 1699 456 1768 de
469 1698 623 1783 Sallustio
642 1715 809 1795 superest,
820 1700 1002 1782 undeeun
1014 1699 1204 1790 laudemus,

16 1849 18 1878 ι
143 1806 218 1874 satis
229 1805 289 1892 sit,
307 1807 426 1877 omissa
443 1807 520 1876 vite
537 1807 762 1901 inquisitione,
776 1809 888 1880 mirari
905 1833 979 1901 que
992 1809 1143 1902 scripsit,
1157 1807 1204 1882 fit·

16 1943 17 1946 ¹
143 1935 218 2004 gene
236 1936 313 2005 quse
330 1912 641 2001 camusnanesre
661 1937 734 2008 quae
754 1916 919 2009 praecepit.

193 2021 305 2088 Pauca
321 2018 364 2088 de
388 2017 584 2090 Sallustiano
605 2020 770 2092 scribendi
791 2045 911 2114 genere
932 2019 1101 2108 dicemus;
1124 2019 1203 2114 quid

144 2125 229 2194 enim
255 2127 375 2196 attinet
397 2127 493 2196 toties
519 2126 630 2198 audita
654 2123 852 2207 decantare?
876 2129 1078 2213 Certiorem,
1104 2149 1205 2219 quarn

144 2245 256 2302 nostra
277 2231 401 2319 verba,
421 2231 520 2302 fidem
540 2232 713 2302 habebunt
727 2233 913 2302 testimonia
931 2233 1113 2318 Veterum,
1129 2255 1204 2324 qua

144 2337 229 2408 infm
253 2337 507 2432 subjungentur.
530 2339 743 2409 Recentiones
773 2361 854 2407 uero
877 2335 1129 2430 quamplurimi,
1150 2337 1204 2407 in·

144 2458 193 2512 ter
210 2467 296 2538 quos
321 2445 469 2512 eminent
491 2436 556 2534 (ut
580 2443 623 2514 de
641 2443 842 2521 nostratibus
858 2456 989 2522 tantum
1012 2456 1046 2512 et
1063 2440 1204 2518 classicis

144 2543 341 2644 loquamur)
356 2551 470 2619 Rollin
486 2563 519 2619 et
539 2551 593 2618 La
612 2553 753 2646 Harpe,
771 2548 851 2618 nihil
865 2552 899 2618 in
913 2547 1112 2618 aestimandis
1134 2549 1203 2620 Sal·

144 2654 292 2752 lustianae
304 2655 456 2726 dictionis
466 2656 643 2725 virtutibus
656 2657 900 2751 praetermisisse
909 2655 1125 2748 yidebantum
1143 2657 1204 2726 nisi

144 2763 194 2829 vir
211 2763 408 2850 exstitisset,
426 2787 493 2856 quo
515 2776 694 2851 tractante,
718 2761 841 2858 aliquid
858 2765 936 2832 trito
958 2761 1083 2832 dudum
1102 2787 1203 2857 argu·

27 2943 32 2955 ,
145 2881 258 2937 muto
276 2870 356 2938 novi
373 2869 490 2938 nitoris
511 2869 699 2958 accederet,
717 2871 900 2956 Dussault,
926 2869 1084 2938 Annales
1104 2861 1203 2938 litter.

146 2987 166 3041 t
192 2971 236 3062 33
258 2999 357 3068 quem
379 2973 483 3043 adibit
505 2972 634 3059 locum,
655 2977 854 3070 quicumque
878 2999 989 3044 rerum
1009 2977 1204 3069 gravitatem

16 3087 18 3142 ζ
145 3080 324 3149 verborum
346 3079 515 3175 elegantias
533 3081 745 3174 conjunctam
766 3083 913 3175 requirit.

195 3188 405 3256 Imitatorem
426 3189 619 3257 Graecorum
638 3201 671 3256 et
690 3189 854 3283 praecipue
873 3185 1074 3280 Thucydidis
1092 3199 1125 3255 ct
1138 3186 1204 3254 De-

147 3293 327 3363 mosthenis
347 3292 538 3363 Sallustium
560 3296 661 3362 aiunt.
679 3293 721 3362 Id
738 3317 855 3364 verum
875 3317 945 3362 esse
963 3292 1128 3361 interdum
1147 3315 1207 3386 ag·

147 3424 340 3487 noscemus,
352 3398 409 3468 sed
420 3401 466 3470 ita
478 3415 590 3469 tamen
597 3415 636 3468 ut
651 3423 727 3468 eum
742 3425 782 3470 ex
795 3425 856 3470 suo
869 3398 1064 3494 depromere
1081 3397 1207 3492 potius,

146 3529 244 3600 msam
256 3529 297 3576 ex
316 3504 424 3575 alieno
442 3508 587 3574 mutuari
605 3504 734 3574 dixeris.
756 3507 801 3575 Et
823 3508 858 3575 in
881 3501 1051 3599 deperdita
1070 3503 1206 3572 historia

145 3614 296 3707 saepiuse
321 3637 431 3707 graeco
459 3612 552 3681 fonte
580 3612 726 3682 hausisse
750 3611 841 3683 haud
870 3609 1012 3680 absurde
1033 3609 1208 3702 conjicies;

145 3743 248 3813 quum
269 3717 365 3814 plura
386 3720 421 3788 in
443 3719 648 3812 Fragrnentis
667 3719 857 3789 imitationis
875 3718 1028 3812 vestigia,
1048 3739 1147 3810 quam
1173 3716 1208 3784 in

145 3838 215 3895 toto
233 3823 376 3896 Catilina
400 3839 436 3894 et
458 3825 624 3918 Jugurtha
643 3826 859 3920 reperiantur.
883 3825 1069 3895 Conoiones
1087 3823 1208 3911 enam,

24 4012 28 4023 Ι
144 3931 229 4001 inter
254 3936 457 4028 Fragmenta
478 3945 631 4016 servatae,
653 3928 758 4000 multo
779 3933 884 4026 magis
903 3929 946 3998 ad
963 3927 1209 4023 'llrucydideam

145 4041 321 4130 rationem,
351 4063 454 4135 quam
486 4051 620 4128 ceterae,
647 4037 818 4108 accedunt.
850 4038 937 4108 Nam
964 4034 1044 4130 quid
1072 4037 1208 4133 pronius

979 4154 1026 4237 Bt
