2938 4654
556 413 848 484 JUGURTHA.
1165 411 1241 508 309

179 550 337 616 Ceterum
350 543 439 640 apud
450 567 569 638 equam
580 543 705 614 Sullam
716 570 793 616 cum
804 543 967 640 equitibus
978 559 1109 616 noctem
1119 547 1243 640 agitare

178 653 294 746 jubet:
308 654 378 748 ipse
400 645 569 746 paullatim
583 651 747 746 dispersos
765 651 903 739 milites,
920 677 1027 748 neque
1041 653 1149 721 minus
1165 652 1241 720 hos·

181 759 268 828 tibus
286 757 507 844 conturbatis,
523 759 557 826 in
572 782 676 826 unum
697 759 881 847 contrahit3
897 757 975 838 dein
989 773 1127 828 cunctos
1145 757 1243 852 pleno

182 853 307 959 gradui
337 867 372 932 iu
398 861 514 933 collem
545 863 705 936 subducit
734 867 788 934 Ite
813 889 929 960 reges,
958 864 1022 935 loci
1051 863 1245 944 difficultate

183 972 311 1060 coacti,
338 968 451 1066 praeiio
479 969 696 1039 deterrentur.
723 973 840 1066 Neque
865 985 977 1040 tomen
1009 997 1085 1041 suos
1116 970 1244 1065 longius

182 1077 272 1146 abire
290 1079 419 1163 sinuut3
438 1076 513 1164 sed,
534 1091 676 1172 utroque
693 1076 776 1146 colle
797 1075 1005 1146 multitudine
1024 1077 1245 1166 circumdato,

182 1169 298 1252 effusi⁵
320 1183 497 1253 consedere
515 1209 522 1251 :
539 1182 615 1252 dein
634 1183 757 1253 crebris
774 1183 904 1278 ignibus
925 1182 1036 1272 factis,
1051 1182 1245 1278 plerumque

181 1292 290 1359 noctis
310 1289 441 1358 berban'
458 1315 518 1359 suo
538 1313 631 1359 more
649 1287 770 1378 laeteri,
792 1288 971 1380 exsultare,
986 1304 1133 1386 strepere
1155 1291 1245 1359 voci·

183 1393 262 1480 bus;
277 1397 339 1491 ipsi
353 1395 454 1466 duces
467 1395 611 1484 seroces,
624 1397 701 1490 quia
718 1421 786 1467 non
802 1396 969 1491 fugerant,
983 1421 1046 1492 pro
1064 1396 1246 1476 victoribus

183 1525 290 1595 ogere.
312 1501 376 1571 Sed
397 1526 437 1570 en
459 1517 579 1570 cuncta
599 1503 772 1590 Romanis,
786 1526 826 1571 ex
847 1503 990 1572 tenebris
1008 1517 1043 1572 et
1054 1502 1246 1572 editioribus

182 1605 264 1678 locis
285 1607 392 1677 facilia
412 1611 506 1698 visu,
527 1633 649 1704 magno
670 1609 880 1696 hortamento
900 1623 1003 1692 erant.

234 1716 358 1785 XCIX.
382 1713 564 1784 Plurimum
583 1739 662 1785 vero
683 1718 810 1790 Marius
823 1717 987 1812 imperitia
1003 1716 1147 1786 hostiurn
1166 1739 1245 1788 con·

182 1819 350 1908 firmatus,
377 1845 478 1915 quom
507 1845 700 1892 maxumum
727 1821 891 1892 silentium
920 1822 1035 1892 haberi
1065 1821 1181 1915 jubet3
1204 1845 1246 1889 ne

182 1928 275 2021 signa
299 1926 452 2021 quidem,
476 1929 525 1996 uti
542 1953 602 2022 per
619 1926 746 2022 vigilias
770 1928 920 1998 solebant
928 1926 950 2016 ¹,
968 1952 1108 1997 canere:
1128 1927 1246 1996 deinde

181 2031 239 2101 ubi
256 2033 313 2102 lux
330 2032 545 2118 adventabat,
568 2033 702 2106 defessis
715 2035 785 2127 jam
806 2034 956 2104 hostibus
979 2048 1013 2102 et
1037 2031 1148 2128 paullo
1170 2046 1247 2100 ante

182 2163 299 2208 somno
314 2141 435 2233 ceptis,
450 2139 492 2208 de
509 2141 690 2234 improviso
706 2137 849 2236 vigiles²,
864 2141 942 2210 item
958 2139 1163 2226 cohortium,
1176 2151 1246 2207 tur·

181 2269 334 2332 marum,
355 2243 521 2340 legionum
545 2245 705 2316 tubicines
727 2244 822 2324 simul
850 2270 965 2324 ornnes
986 2247 1079 2339 signa
1105 2269 1245 2328 canere;

181 2483 263 2538 egeo:
281 2479 308 2520 et
321 2485 370 2538 ego
389 2467 457 2530 illis,
477 2467 539 2538 quie
555 2479 690 2538 nequeunt
734 2485 776 2520 nes
796 2477 842 2519 eut
858 2469 928 2520 tubes
946 2467 1036 2520 sonitu
1057 2467 1162 2536 signum
1187 2465 1246 2520 deri

180 2563 264 2618 egere.
271 2573 282 2594 n
294 2547 419 2600 Ceterum
427 2545 592 2612 ed.Veuete‚
603 2554 688 2618 1470:
734 2547 835 2600 solebat
842 2584 852 2613 ,
860 2565 916 2618 quo
928 2547 1008 2610 elius,
1018 2545 1065 2618 qui
1076 2543 1245 2610 succederet,

176 2645 260 2696 pauca
274 2630 417 2678 munimenta
432 2627 560 2698 quaerebat.
734 2625 901 2679 excitaretur.
912 2626 974 2679 Teo.
986 2625 1094 2688 Hieta,
1105 2645 1138 2678 su
1150 2643 1158 2678 :
1171 2652 1181 2674 ι
1193 2625 1245 2677 Vi-

223 2712 250 2769 4.
272 2706 349 2759 Pleno
365 2705 453 2776 gradis.
471 2704 545 2772 Quid
559 2706 593 2759 sit
604 2705 690 2776 plenus
734 2705 798 2776 giles
807 2705 939 2777 flagitium
945 2706 1023 2759 suurn'
1032 2703 1107 2757 ducis
1115 2703 1245 2760 dedecore

180 2785 294 2856 vadus,
313 2786 473 2856 intelligitur
491 2804 523 2838 ex
536 2785 648 2856 Vegetio
662 2804 689 2851 1,
734 2775 910 2852 exeuesbeut,
925 2795 1051 2856 unquam
1065 2784 1130 2856 jussi
1150 2785 1243 2850 silere,

183 2865 366 2933 9:·Militn·i
376 2863 615 2936 gnduXXmiilie
629 2884 690 2937 pes·
733 2883 768 2919 ue
796 2865 912 2937 quietem
934 2867 990 2937 ejus
1013 2866 1151 2918 turbarent
1173 2883 1181 2918 τ
1207 2866 1245 2917 ite

181 2962 261 2997 suum
276 2945 351 2997 boris
366 2946 485 3016 quinque
500 2942 628 2998 duntaxat
643 2964 690 2998 res-
734 2945 884 2998 intermisso
913 2945 989 3016 signo
1012 2956 1038 2997 et
1057 2943 1188 3009 vocibus,
1217 2961 1245 2997 se

179 3023 243 3076 tirio
255 3022 419 3077 conficienda
432 3037 507 3089 sunt;
517 3025 590 3096 pleno
602 3035 690 3078 autern
733 3043 840 3096 quoque
858 3025 886 3078 iu
900 3043 1023 3078 somnum
1037 3027 1131 3096 lapsos.
1148 3051 1158 3072 ι
1176 3025 1243 3077 Item

178 3101 273 3173 gradu,
283 3107 324 3174 qut
334 3106 484 3166 citatior-est,
496 3102 607 3157 totidem
615 3105 690 3156 horis
734 3105 834 3158 Lucen.
847 3122 904 3170 vm,
922 3111 956 3168 ²⁴
970 3122 977 3156 :

179 3182 364 3236 XXleiliie
372 3183 520 3255 peragenda
528 3197 597 3237 suut.
606 3182 691 3249 Quid·
860 3229 865 3240 .
941 3188 1162 3244 Hemnptsessnnoe.

181 3261 249 3334 qnid
261 3260 409 3329 addideris,
417 3265 471 3336 jam
486 3283 568 3316 cursus
581 3275 689 3329 etheu-
734 3261 938 3315 Gssmnnyigdest
949 3259 1013 3302 uultu
1023 3262 1169 3302 tubererberet
1179 3273 1243 3302 eures.

177 3345 223 3413 jue
234 3342 350 3413 spatium
366 3361 421 3396 nou
440 3355 527 3414 potest
541 3341 657 3396 definiri.
674 3369 686 3390 ι
734 3343 930 3396 PretereeLir.
943 3341 1058 3405 vrr,35:
1073 3367 1084 3388 ·
1098 3341 1151 3394 Ubi
1160 3361 1243 3393 seeun-

223 3421 250 3474 ⁵.
264 3423 359 3490 Effiui.
373 3423 454 3476 Nullo
467 3435 571 3477 cerreto
586 3417 689 3475 ordine.
734 3422 774 3474 dre
786 3423 880 3491 uigilia
897 3420 1008 3474 huccine
1027 3419 1119 3472 datum
1138 3421 1243 3491 rignum

180 3531 221 3543 --
231 3501 285 3554 Pro
295 3501 426 3555 or'etoribiu
439 3523 518 3573 agere.
530 3501 630 3555 Eadem
645 3503 690 3555 le·
735 3513 808 3554 esset.
828 3527 839 3548 ι

182 3579 257 3645 titia,
272 3579 419 3654 iisdemque
433 3583 529 3636 animis
543 3581 646 3646 efferri,
661 3599 690 3634 uc
777 3579 973 3651 ssrgilesfloc
979 3578 1115 3651 rescripsit
1122 3577 1242 3641 Certior,

180 3661 204 3712 si
217 3659 332 3714 victores
344 3662 463 3716 fuissent.
476 3695 516 3708 --
529 3663 570 3715 Ee
582 3661 689 3714 tenebris.
734 3679 785 3732 pro
799 3661 870 3732 vuig.
890 3659 1035 3729 uectigales,
1056 3657 1129 3730 quod
1152 3675 1243 3711 omnes

183 3737 318 3794 Viddicet
331 3742 460 3808 Romani,
472 3761 507 3796 ue
522 3743 555 3794 ab
570 3741 691 3796 hostibus
734 3737 838 3794 ordices
853 3739 1003 3812 occupavit.
1019 3739 1053 3791 Et
1067 3739 1168 3810 optime
1183 3738 1243 3809 qui·

180 3819 420 3890 conspicerentur,
441 3823 514 3894 ignee
527 3840 582 3876 non
598 3839 690 3874 eccen-
735 3817 805 3873 dem.
819 3819 887 3873 Nem
897 3821 977 3892 poulo
989 3831 1050 3872 ente
1059 3819 1124 3890 jussi
1139 3819 1244 3871 fuerent

181 3895 285 3954 derunt.
735 3900 823 3970 vigiles
843 3899 916 3953 nuile
939 3901 1012 3971 signe
1037 3917 1152 3964 cenere;
1172 3915 1243 3951 nunc

222 3979 289 4033 Cur.
310 3978 408 4034 xctx.
434 3999 458 4034 r.
477 3981 521 4034 uu
532 3983 691 4051 pervigilia
732 3979 1023 4052 jubenturetipeicnm
1034 3977 1127 4032 ceteris
1136 3995 1242 4040 mttere,

178 4057 296 4112 solebat.
310 4059 400 4114 riuis·
413 4079 466 4114 unu
483 4059 587 4131 vigilie,
600 4060 691 4114 bucci-
736 4077 791 4131 quo
806 4059 932 4131 strepitus
947 4069 1079 4130 nugentur.
