2922 4642
132 429 706 454 mmmmm
711 435 1211 460 fflfflfflmfflflmmfflst

592 623 762 710 VITA

198 859 269 984 o.
313 857 610 984 oursel
655 781 1152 990 sannusuu.

428 1147 931 1186 -—--m—-——-

141 1354 281 1477 Carus
301 1365 455 1476 hnrsrns
471 1405 686 1477 Samusrms
703 1419 865 1476 natusest
882 1405 1061 1495 Amiterni,
1079 1409 1112 1477 in
1127 1434 1207 1506 agro

140 1510 285 1601 Sabino,
300 1537 339 1581 ex
354 1511 482 1608 plebeia
495 1527 608 1606 gente,
619 1537 707 1582 anno
721 1513 765 1581 U.
782 1514 820 1583 C.
839 1511 933 1602 668,
948 1529 1024 1582 ante
1038 1515 1208 1586 Christum

143 1617 209 1708 86,
228 1621 268 1689 C.
290 1621 401 1688 Mario
424 1620 600 1713 septimum
623 1617 766 1689 consule.
796 1621 928 1689 Ateium
956 1621 1209 1715 Praetextatum,

141 1727 343 1820 cognomine
365 1724 592 1820 Philologum,
613 1725 868 1816 Atheniensem,
887 1729 943 1822 qui
967 1743 1072 1798 artem
1096 1731 1206 1801 rheto-

140 1833 244 1901 ricam
264 1834 380 1902 Romae
400 1831 568 1927 professus
588 1847 655 1920 est,
678 1834 873 1927 magistrum
898 1833 1015 1903 habuit
1035 1837 1105 1928 jam
1124 1839 1207 1907 ado-

140 1934 284 2021 lescens3
306 1939 415 2007 omnis
437 1936 561 2008 scilicet
580 1937 758 2034 disciplina
779 1939 962 2030 studiosus,
981 1955 1015 2010 et
1037 1943 1107 2034 ejus
1129 1969 1208 2038 prae

140 2047 257 2114 sertim
275 2070 348 2139 quae
374 2047 411 2112 in
432 2043 588 2115 discenda
607 2059 665 2113 aut
690 2044 863 2114 scribenda
884 2047 1023 2116 historia
1046 2064 1205 2119 versatur.
1294 2087 1297 2094 ·

141 2153 265 2244 Itaque
292 2175 404 2220 omnes
426 2175 581 2220 romanas
606 2153 717 2221 resin
746 2175 851 2219 unum
876 2152 1044 2247 quoddam
1075 2154 1206 2223 brevia-

59 2337 64 2347 ·
140 2255 233 2324 rium
256 2255 401 2327 redactas
424 2258 538 2326 Ateius
558 2259 587 2326 ei
608 2256 763 2344 tradidit,
783 2282 850 2351 quo
869 2261 1017 2353 paratior
1037 2259 1208 2330 historiam

140 2359 289 2432 scribere
308 2361 432 2433 volenti
451 2365 589 2433 materia
606 2361 720 2434 foret¹.

193 2469 260 2539 Sed
276 2469 456 2564 juvenilem
476 2473 622 2540 animum
641 2469 839 2540 sollicitabat
852 2471 967 2564 ingens
986 2469 1081 2539 famae
1097 2495 1208 2557 amor,

139 2577 310 2671 decusque
323 2601 365 2646 ex
379 2575 505 2672 adeptis
522 2576 704 2646 honoribus
722 2575 850 2671 plebeio
870 2577 998 2646 homini
1017 2591 1205 2649 venturum.

139 2685 170 2751 A
193 2682 379 2752 litterarum
400 2684 500 2779 igitur
522 2683 632 2753 studio
654 2685 802 2752 animum
820 2683 863 2752 ad
883 2683 1072 2778 reipublicae
1094 2688 1207 2754 munia

139 2792 322 2877 convertit,
336 2789 524 2861 ambitionis
538 2803 573 2859 et
590 2790 756 2860 honorum
772 2789 940 2859 fastidium
954 2815 1033 2859 mox
1054 2806 1206 2886 expertu-

139 2919 214 2986 rus,
226 2893 411 2965 litterarum
425 2921 506 2966 vero
520 2921 699 2991 nunquam.
709 2897 789 2965 Non
802 2896 936 2965 defuere
948 2909 1067 2966 'tamen
1081 2901 1205 2992 petenti

139 3027 225 3096 quos
233 3001 389 3098 cupiebat
401 3003 555 3074 honores.
569 3004 725 3092 Quaestor
736 3002 815 3089 hrit3
828 3027 894 3096 quo
904 3005 1007 3073 aetatis
1018 3029 1085 3074 suae
1097 3027 1206 3093 anno,

138 3133 262 3203 parum
280 3123 430 3178 constat:
451 3111 477 3178 si
494 3109 657 3206 leffi'timm
675 3110 731 3204 qui
749 3110 926 3204 vigesimus
938 3111 1103 3216 ⁸septimus
1121 3126 1206 3200 erat,

139 3217 261 3310 conjici
281 3229 393 3310 potest
413 3241 511 3304 eum,
532 3219 673 3286 Caesare,
686 3229 719 3284 et
746 3214 864 3285 Bibulo
887 3241 970 3285 coss.
991 3231 1111 3310 quarto
1131 3233 1206 3312 post

140 3321 370 3391 Catilinariam
390 3323 653 3416 conjurationem
674 3345 777 3411 anno,
795 3322 837 3390 U.
860 3325 898 3391 C.
921 3319 1013 3417 695,
1029 3323 1119 3393 hunc
1133 3347 1203 3394 ma-

139 3429 316 3521 gistratum
329 3429 487 3523 adeptum
508 3451 588 3498 esse.

193 3537 353 3604 Ceterum
378 3559 447 3612 uon
471 3535 612 3604 multum
641 3535 702 3604 fuit
726 3559 848 3604 nomen
876 3557 946 3629 ejus
975 3535 1009 3602 in
1037 3533 1205 3629 republica

137 3655 218 3710 ante
235 3663 359 3710 annum
380 3663 471 3737 701,
497 3668 564 3736 quo
587 3641 739 3711 tribunus
764 3640 867 3737 plebis
895 3656 1025 3710 creatus
1046 3655 1103 3709 est.
1127 3641 1204 3729 Quo

135 3761 293 3842 tempore
308 3749 459 3818 maximis
476 3749 585 3817 Roma
601 3747 728 3817 fervere
746 3747 933 3834 discordiis,
948 3749 1074 3818 cunctis
1096 3749 1203 3840 impe·

136 3854 180 3922 rii
199 3853 356 3948 cupidine
377 3854 612 3951 flagrantibus,
634 3854 714 3924 dum
734 3853 780 3923 illi
798 3879 898 3952 quam
917 3855 1040 3924 habent
1062 3867 1203 3948 potesta·

185 4071 210 4107 ι.
226 4053 370 4110 Suetonius
382 4029 417 4110 de
431 4057 580 4110 illustribus
595 4056 787 4110 Grammaticis.
