2950 4648
218 351 294 440 466
534 353 604 417 in
632 349 670 418 u.
698 347 956 417 cestuum

215 488 372 558 servitute
394 485 428 551 in
453 480 637 550 libertatem
662 482 822 568 restituit,
844 481 879 550 in
903 495 1045 575 practura
1064 481 1274 551 inimicorum

213 616 306 662 arma
326 590 460 658 inermis
472 572 629 680 disjecit³,
645 587 735 656 domi
749 585 935 682 militiaeque
947 602 1038 656 tanta
1055 602 1171 656 ettam
1191 612 1275 684 prae·

214 697 304 768 clara
319 695 465 766 facinora
479 693 573 779 fecit,
586 696 633 763 uti
648 719 690 762 ne
703 694 826 762 inimici
843 693 977 787 quidem
989 695 1082 788 queri
1092 695 1271 788 quidquam

214 803 376 890 audeant,
395 803 458 870 nisi
484 800 525 868 de
553 799 778 894 magnitudine
804 813 878 885 tua3
909 801 988 894 quin
1016 802 1129 894 accipe
1155 816 1192 869 tu
1213 825 1273 885 ea,

213 935 286 1004 quae
300 909 408 978 dicam
421 907 462 975 de
473 930 601 975 summa
616 904 800 1000 republica:
814 929 887 1000 quae
905 906 1055 1000 profecto
1070 921 1128 974 aut
1140 921 1178 974 tu
1193 929 1272 974 vera

213 1017 377 1100 invenies,
395 1028 453 1082 aut
470 1026 559 1082 certe
576 1011 667 1080 haud
686 1009 804 1106 procul
825 1035 845 1079 a
867 1037 956 1080 vero.

267 1123 329 1190 111.
353 1119 417 1189 Sed
435 1120 591 1212 quoniam
612 1121 673 1188 Cn.
697 1119 873 1212 Pompeius
890 1132 949 1185 aut
969 1119 1069 1186 animi
1092 1121 1273 1212 pravitate,

213 1243 271 1298 aut
293 1229 369 1322 quia
382 1223 463 1293 nihil
480 1223 615 1309 maluit,
634 1247 734 1317 quam
752 1223 842 1316 quod
857 1224 919 1292 sibi
931 1222 1090 1310 obesset,
1105 1225 1150 1293 ita
1164 1223 1273 1318 lapsus

215 1349 281 1421 est,
301 1348 339 1401 ut
360 1331 510 1401 hostibus
531 1329 596 1398 tela
617 1332 652 1397 in
670 1353 787 1396 manus
801 1329 946 1422 jaceret;
966 1330 1085 1423 quibus
1102 1327 1156 1398 ille.
1177 1330 1274 1399 rebus

214 1547 304 1588 narrat
325 1532 396 1584 Suet.
413 1530 466 1582 Jul.
482 1546 520 1580 v:
543 1554 553 1576 ι
573 1528 724 1580 Tribunatu
767 1528 1274 1602 temporumqitietnrus.blultitudinem

214 1614 349 1673 militum,
377 1609 424 1682 qui
440 1609 543 1680 primus
559 1608 724 1659 Romamre-
766 1625 874 1678 quoque
887 1607 970 1660 biduo
986 1619 1046 1680 post
1060 1620 1154 1680 sponte
1166 1621 1193 1662 et
1205 1610 1274 1661 ultm

213 1711 290 1746 verso
305 1709 353 1762 per
375 1688 500 1757 suffragia
520 1687 613 1758 populi
635 1687 724 1739 bonor
766 1685 960 1754 confluentem,
970 1705 1130 1760 operamque
1142 1688 1229 1740 sibiin
1239 1707 1275 1740 as·

213 1764 628 1843 obtigit‚auctoresrestituenda
637 1766 723 1819 tribu·
767 1763 876 1820 serenda
885 1766 1273 1840 dignitatemmaltaosiuspol-

214 1853 287 1905 uitisc
309 1847 460 1921 potestatis,
486 1848 561 1918 cujus
575 1847 630 1898 vina
653 1845 724 1916 Sylla
766 1845 889 1898 licentem
906 1846 1076 1918 compescuit.
1096 1844 1177 1912 Quod
1193 1867 1274 1918 quum

215 1930 394 1993 deminuerat,
411 1925 559 1979 enixissime
570 1925 646 1996 juvit.
659 1951 670 1972 ι
690 1925 724 1976 Et
766 1938 862 1996 praeter
877 1927 1032 1996 opinionem
1046 1927 1189 1992 evenisset,
1201 1945 1274 1980 sena-

216 2009 378 2074 ibidem,xrt
388 2005 525 2072 «Quorum
533 1997 724 2076 (optimatium)
767 2017 809 2057 tus
820 2005 855 2056 ob
864 2004 987 2058 eumdem
996 2017 1091 2058 coetum
1099 2005 1221 2059 festinato
1231 2025 1274 2059 co·

215 2089 397 2144 auctoritatem
403 2099 433 2139 ut
439 2085 535 2157 quibus
545 2097 633 2156 posset
639 2083 725 2137 modia
767 2097 839 2137 actus
853 2086 948 2156 gratias
963 2086 988 2137 ei
1003 2103 1052 2157 per
1065 2086 1195 2157 primores
1205 2087 1274 2138 viros

216 2171 330 2224 invicem
340 2166 505 2220 deminueret
513 2177 624 2235 ‚tropaea
630 2164 724 2217 cmo-
767 2164 835 2236 egit,
850 2167 1014 2236 accitumque
1030 2165 1058 2218 in
1070 2165 1171 2218 cutiam
1184 2179 1211 2218 et
1224 2185 1276 2218 am·

218 2250 251 2302 rii
261 2247 294 2302 de
306 2245 453 2318 Iugurtha,
466 2243 551 2316 deque
560 2243 675 2296 Cimbris
686 2255 724 2296 at·
767 2243 892 2314 piissimis
901 2245 988 2296 verbis
999 2243 1177 2298 collaudatum
1189 2246 1217 2297 in
1233 2245 1273 2298 in-

217 2347 269 2401 que
278 2325 418 2389 Teutonis,
431 2321 597 2394 olimaSylla
606 2321 723 2392 disjecta,
767 2335 871 2394 tegrum
885 2323 1016 2389 restituit,
1038 2322 1149 2377 inducto
1172 2319 1275 2386 (idest

218 2408 350 2472 restituit;
369 2417 447 2476 atque
474 2404 503 2456 in
525 2399 669 2455 exercenda
691 2400 725 2454 de
767 2403 845 2454 deleto
853 2415 879 2454 ct
888 2401 1022 2475 antiquato)
1036 2405 1127 2475 priore
1138 2403 1268 2458 demeto..

217 2487 316 2542 sicariis
342 2484 511 2558 quastione,
544 2501 588 2534 eos
620 2499 725 2552 quoque
768 2480 839 2534 Vide
850 2483 928 2536 etiam
940 2483 1073 2536 Plutarch.
1087 2483 1115 2536 in
1125 2484 1234 2538 Casus.

218 2568 374 2620 sicariorum
396 2581 508 2615 numero
531 2561 649 2625 habuit,
679 2562 725 2631 qui
809 2562 874 2616 Csr.
886 2563 936 2614 111.
964 2581 987 2615 t.
1007 2563 1080 2615 Nihil
1092 2564 1191 2623 mabit,
1205 2581 1272 2636 quara

219 2645 413 2719 proscriptione
428 2643 463 2694 ob
476 2641 557 2692 relata
574 2639 673 2692 civium
684 2659 727 2691 ro·
768 2639 986 2712 quodsibiobessct.
996 2641 1119 2694 Plurimae
1124 2640 1184 2696 edd.
1192 2660 1274 2716 :quara

220 2743 360 2778 manorum
375 2721 459 2792 capita
472 2720 597 2790 pecunias
612 2735 643 2770 ex
662 2737 725 2770 tera·
768 2719 834 2791 quod
848 2721 892 2771 tihi
906 2721 1002 2774 obesset.
1030 2721 1145 2789 Venetas·
1163 2719 1271 2792 prium:

218 2805 259 2856 rio
269 2813 435 2874 acceperant,
445 2817 595 2870 quanquam
605 2809 725 2869 exceptos
769 2799 832 2850 nihil
840 2819 868 2850 eo
877 2799 973 2865 maha,
981 2799 1046 2870 quod
1053 2799 1097 2852 tibi
1105 2801 1202 2852 obesset.
1211 2801 1273 2853 Cor·

219 2881 350 2936 Corneliis
363 2879 472 2949 legibus.
489 2903 499 2923 ι
768 2878 850 2943 tium,
872 2897 933 2931 cum
948 2880 1026 2950 Bip.,
1048 2882 1152 2950 sequuti
1174 2899 1271 2933 sumus.

261 2963 287 3015 3.
310 2961 459 3012 inimicorum
479 2975 545 3007 ama
563 2958 656 3006 inermis
675 2955 726 3006 dis-
773 2957 1272 3028 eNotat‚inquitCortius,0bstinatum

215 3045 284 3110 jecit.
299 3039 370 3093 Suet.
383 3035 437 3089 tul.
447 3053 507 3088 xvr:
528 3033 657 3086 «Caecilio
668 3035 725 3087 Me·
768 3035 844 3089 illum
860 3037 977 3089 animum
996 3037 1045 3091 Cn.
1062 3039 1197 3110 Pompeii,
1222 3057 1273 3112 quo

219 3113 484 3188 tellotribunoplebis
490 3113 727 3168 turbulentissimas
769 3133 859 3170 onmes
874 3113 1039 3170 conditiones
1051 3119 1122 3190 pacis
1129 3131 1155 3170 et
1165 3137 1273 3172 concor-

217 3201 287 3272 leges
296 3197 420 3252 adversus
429 3193 587 3266 collegarum
602 3193 726 3248 interces-
769 3193 819 3248 dia
836 3193 1007 3267 repudiabat,
1032 3215 1115 3270 qaum
1135 3198 1223 3252 Caesar
1242 3195 1273 3251 ad

219 3281 320 3334 sionem
337 3275 445 3344 serenti,
459 3289 593 3327 auctorem
607 3293 725 3346 propag·
769 3293 841 3347 oequa
851 3275 939 3328 omnia
952 3289 1017 3329 esset
1025 3279 1192 3349 propensior.
1204 3305 1215 3326 ι
1232 3277 1273 3332 sic

219 3373 390 3429 natoremque
406 3375 432 3409 se
444 3355 649 3428 pertinacissime
657 3371 725 3424 prac-
769 3373 865 3426 nempe
887 3355 942 3426 ipse
963 3356 1013 3408 sibi
1034 3358 1101 3409 male
1122 3357 1274 3411 consulebat

219 3441 302 3506 stitit3
318 3437 402 3490 donec
414 3437 492 3488 ambo
500 3433 726 3487 administratione
769 3433 924 3506 Pompeius,
939 3436 1047 3506 etquasi
1059 3435 1274 3490 libensetroleus

218 3519 370 3591 reipublice
380 3513 485 3569 decreto
492 3527 598 3588 patrum
612 3531 726 3566 summo·
768 3515 861 3567 ruebat
869 3514 897 3566 in
909 3515 1026 3568 exitium.
1043 3513 1094 3568 Hic
1107 3533 1171 3568 vero
1183 3535 1273 3570 sensus

219 3611 352 3652 verentur.
372 3599 409 3648 Ac
422 3595 507 3647 nihilo
521 3595 608 3645 minus
621 3609 725 3664 perma-
768 3605 867 3664 quanto
888 3595 990 3647 acutior
1012 3595 1045 3648 sit
1063 3607 1090 3648 et
1110 3595 1149 3648 rei
1169 3597 1292 3667 aptior,-

219 3697 282 3732 uere
296 3679 323 3730 in
343 3675 517 3746 magistratu,
533 3685 559 3724 et
575 3674 617 3744 jus
637 3670 725 3725 dicere
768 3691 846 3743 quam
863 3673 928 3726 alter
949 3673 993 3726 ille
1014 3675 1095 3726 «nihil
1105 3676 1190 3726 maluit
1204 3695 1273 3749 qaam

218 3776 313 3824 ausus,
329 3767 359 3808 ut
371 3753 501 3825 comperit
517 3765 622 3823 paratos
637 3753 684 3822 qui
698 3751 724 3804 vi
764 3755 892 3822 perm'ciam
898 3751 1020 3807 casaris.
1029 3753 1103 3808 facile
1109 3755 1274 3827 intelligitur.

218 3856 248 3890 ac
260 3857 309 3908 per
322 3853 393 3888 arma
403 3831 592 3905 prohiberent,
611 3829 724 3884 dimissis
767 3831 846 3886 Hunc
859 3845 946 3886 tamen
958 3833 1050 3905 procul
1062 3833 1135 3886 abest
1143 3846 1175 3890 ut
1183 3835 1273 3888 absur-

219 3915 354 3968 lictoribus
367 3915 518 3984 abjectaque
527 3923 665 3983 praetexta,
678 3909 725 3962 tlo-
767 3909 832 3964 dum
844 3909 966 3966 dixerim.
976 3946 1013 3957 -
1034 3911 1069 3966 Ut
1079 3913 1184 3966 hostibus
1195 3915 1274 3966 teian

219 4013 291 4046 mum
304 3995 372 4046 clam
384 3993 493 4062 refugit,
509 4009 559 4062 pro
571 3989 723 4044 conditione
768 4011 851 4044 maures
864 3993 960 4060 jaceret.
981 3991 1020 4046 Ut
1035 3991 1088 4046 suis
1104 3991 1229 4048 adversm
1247 4012 1273 4045 se
