2968 4646
527 395 887 466 ARGUMENTA.
1213 391 1234 466 3

289 519 411 584 bellum
420 534 524 606 parat,
540 519 803 608 compluresque,
815 515 911 580 etiam
927 513 1093 591 mulieres,
1109 515 1143 578 in
1158 537 1237 579 con·

285 625 481 707 jurationem
497 623 652 690 adsciscit.

180 731 283 797 XXV.
301 731 489 818 Sempronia
505 729 734 810 conjurationis
753 727 848 792 socio.
864 725 942 808 Ejus
957 723 1093 789 indoles.

71 903 78 912 ,
181 837 300 902 XXVI.
334 835 469 899 Catilina
495 835 576 924 petit
604 835 809 898 consulatum
836 833 870 895 in
899 854 1023 896 annum
1052 847 1240 918 sequentem

290 939 348 1027 (U.
359 942 395 1004 C.
404 939 467 1026 692
476 938 503 1026 )‚
513 939 674 1026 struitque
683 937 814 1002 insidias
825 937 972 1002 Ciceroni
982 937 1117 1002 consuli.
1129 937 1242 1020 Quum

292 1062 430 1132 utraque
444 1067 495 1108 res
513 1045 602 1108 irrita
618 1043 746 1125 fuisset,
760 1042 930 1108 constituit
947 1043 1068 1106 bellum
1084 1044 1198 1107 facere.

183 1151 319 1216 XXVII.
344 1151 481 1215 Catilina
501 1149 640 1214 audaciae
663 1172 729 1214 sure
755 1149 903 1212 satellites
925 1149 960 1212 in
983 1148 1121 1213 diversas
1145 1150 1243 1214 Italiae

291 1257 439 1346 regiones
463 1255 607 1320 dimittit.
629 1254 868 1335 Conjurationis
888 1254 991 1318 socios
1010 1255 1098 1342 apud
1120 1257 1243 1320 Laecam

292 1379 394 1427 noctu
426 1377 605 1444 convocat,
638 1361 875 1448 consiliumque
913 1359 1048 1424 necandi
1080 1361 1243 1427 Ciceronis

292 1483 403 1556 aperit.

185 1573 337 1638 XXVIII.
353 1575 430 1637 Duo
448 1572 606 1654 conjurati
624 1573 812 1637 Ciceronem
830 1571 1009 1638 interlicere
1027 1589 1171 1656 tentant,
1188 1573 1245 1638 sed

294 1681 422 1744 frustra.
440 1678 552 1742 Manlii
566 1678 601 1741 in
618 1678 747 1742 Etruria
765 1680 958 1744 molitiones.

186 1784 309 1863 XXIX.
325 1785 387 1849 Res
413 1806 470 1872 per
486 1784 675 1848 Ciceronem
691 1782 733 1847 ad
749 1801 898 1850 senatum
913 1787 1067 1866 refertur,
1084 1786 1141 1873 qui
1162 1787 1247 1875 peri·

297 1890 362 1955 culi
378 1888 558 1978 depellendi
572 1911 667 1954 causa
682 1911 843 1955 summam
857 1891 1045 1956 consulibus
1057 1909 1248 1980 potestatem

295 1997 464 2086 permittit.
1237 2059 1240 2088 Ι

189 2105 295 2170 XXX.
317 2105 428 2168 Rornae
453 2101 623 2166 nuntiatur
643 2123 731 2166 arma
752 2102 873 2192 cepisse
893 2101 1062 2168 Manlium.
1084 2105 1192 2192 Copiae
1214 2105 1247 2168 in

297 2209 445 2297 Apuliam
459 2229 638 2296 agrumque
648 2206 804 2270 Picenum
816 2207 1002 2272 mittuntur.
1014 2209 1249 2296 Proponuntur

298 2314 429 2402 praemia
444 2313 482 2376 iis
499 2312 556 2399 qui
575 2310 616 2374 de
632 2311 855 2391 conjuratione
869 2311 1041 2376 indicaturi
1056 2331 1172 2377 essent.

190 2417 314 2484 XXXI.
330 2419 449 2507 Ingens
465 2419 575 2482 Romae
591 2439 690 2504 pavor
707 2439 744 2480 ac
760 2414 941 2506 trepidatio.
959 2418 1093 2482 Catilina
1110 2419 1144 2481 in
1160 2442 1251 2484 sena·

301 2541 372 2588 tum
383 2523 487 2600 venit,
500 2523 558 2587 ubi
571 2546 589 2586 a
600 2523 708 2586 Tullio
719 2523 901 2588 vehementi
912 2524 1057 2588 oratione
1067 2526 1249 2614 castigatur.

192 2631 331 2696 XXXII.
345 2629 432 2694 Urbe
448 2651 593 2719 egressus
609 2629 745 2694 Catilina
760 2630 795 2694 in
812 2631 973 2697 Manliana
988 2648 1090 2695 castra
1105 2632 1251 2720 proficis·

302 2736 402 2812 citur,
419 2734 535 2798 relictis
557 2735 667 2800 Romae
685 2735 828 2824 Cethego
847 2737 1051 2824 Lentuloque
1068 2753 1101 2801 et
1122 2739 1251 2816 ceteris,

301 2841 359 2928 qui
375 2839 494 2904 cadem
511 2856 543 2904 et
558 2839 708 2906 incendia
723 2858 881 2928 pararent.

194 2947 349 3012 XXXIII.
366 2946 507 3035 Epistola
523 2945 634 3010 Manlii
650 2945 691 3010 ad
708 2947 748 3028 Q.
766 2947 923 3015 Marcium
939 2971 1059 3038 regern.

194 3052 346 3116 XXXIV.
363 3049 548 3140 Respondet
560 3049 710 3114 Marcius.
728 3052 865 3116 Catilina
879 3053 958 3118 falso
973 3055 1103 3119 nuntiat
1116 3077 1151 3120 se
1166 3055 1252 3120 Mas·

303 3157 405 3224 ailiam
421 3158 456 3220 in
472 3157 603 3220 exiliunt
620 3155 788 3244 proficisci.

196 3263 331 3328 XXXV.
348 3263 492 3352 Epistola
507 3261 651 3324 Catilinae
667 3259 708 3324 ad
724 3261 765 3342 Q.
781 3262 943 3326 Catulum.

197 3369 348 3434 XXXVI.
367 3367 503 3432 Catilina
524 3381 557 3430 et
578 3365 718 3430 Manlius
740 3365 848 3430 hostes
870 3389 889 3430 a
912 3383 1026 3430 senatu
1043 3367 1254 3448 judicatis&-

308 3474 393 3554 mul,
407 3493 478 3559 quae
494 3469 535 3536 ad
550 3471 733 3560 reipublicae
750 3469 969 3536 defensionem
982 3473 1158 3562 pertinent,
1173 3498 1254 3562 prae·

305 3593 471 3666 parantur.
584 3591 587 3604 ·

198 3682 368 3747 XXXVII.
385 3681 605 3769 Explanantur
620 3702 738 3756 causae,
750 3703 809 3744 cur
824 3695 890 3745 tam
902 3683 996 3748 multi
1010 3684 1157 3748 omnium
1169 3682 1257 3748 ordi-

309 3809 390 3852 num
407 3787 491 3852 cives
510 3783 654 3849 Catilina
669 3785 800 3849 consilia
817 3786 1002 3874 probarent.

200 3893 388 3960 XXXVIII.
404 3891 561 3958 Narratur
572 3888 739 3978 quomodo
753 3892 857 3980 sopita
873 3892 929 3956 diu
947 3895 1031 3958 inter
1047 3892 1175 3958 ordines
1193 3893 1258 3959 dis·

310 3999 427 4066 cordiae
445 3997 717 4080 flamma‚'n1rsus
734 3998 868 4062 excitata
883 4001 990 4063 fuerit.

202 4105 357 4169 XXXIX.
374 4105 570 4192 Quanquam
584 4101 657 4171 deta
672 4103 827 4192 Pompeio
842 4121 981 4192 potestas
996 4104 1097 4193 plebis
1113 4125 1189 4194 opes
1206 4109 1262 4170 im·

1048 4247 1076 4290 1.
