2950 4648
544 326 882 398 FRAGMENTA.
1166 335 1241 427 449

187 459 244 552 qui
273 455 315 526 ad
336 457 586 527 Orchomenum
618 474 651 527 et
681 461 898 529 Chaeroneam
926 473 1136 529 certaverunt
1166 488 1242 531 cum

188 563 367 650 Archelao,
384 589 480 633 nosse
497 568 661 659 putaverit
677 565 849 634 camelum.
873 567 1046 636 Plutarch.
1064 573 1100 636 io
1116 571 1240 638 Lucull.

240 671 440 748 Σαλλούστιος
454 672 507 763 μὲν
525 668 574 738 οὖν
592 695 681 762 φησι,
701 680 842 764 χαλεπῶς
863 664 1037 747 διατεθῆναι
1056 676 1127 751 τοὺς
1146 699 1241 766 στρα-

186 777 298 854 τιώτας
316 778 391 868 πρὸς
412 780 503 845 αὐτὸν
522 779 605 856 εὐθὺς
630 781 660 844 ἐν
681 780 760 872 ἀρχῇ
777 789 834 846 τοῦ
853 780 987 870 πολέμου
1007 781 1081 872 πρὸς
1101 775 1241 868 Κυζίκῳ,

185 879 235 948 καὶ
261 882 353 949 asilu
382 885 455 974 πρὸς
478 887 601 976 Ἀμισῷ
626 875 681 950 tto
707 895 855 977 χειμῶνας
882 879 948 962 ἑξῆς
976 890 1005 952 ἐν
1033 885 1145 978 χάρακι
1171 878 1241 953 δια-

183 994 285 1082 γαγεῖν
306 989 558 1083 ἀναγκασθέντας.
581 990 629 1058 Id
644 1005 718 1059 est:
738 992 782 1058 At
798 991 969 1059 Sallustius
989 991 1120 1085 quidem
1143 991 1241 1062 fuisse
1261 1027 1263 1035 v

182 1092 303 1162 milites
316 1094 383 1188 jam
402 1095 478 1164 inde
493 1121 513 1164 a
533 1097 695 1191 principio
712 1095 797 1165 male
814 1099 860 1165 ait
877 1097 908 1164 in
929 1121 1005 1164 eum
1025 1088 1241 1188 (Lucullum)

184 1201 361 1288 animatos,
376 1201 465 1295 quod
476 1202 517 1270 ad
530 1203 705 1295 Cyzicum,
720 1203 885 1272 etiterum
899 1202 941 1272 ad
954 1204 1101 1272 Amisum
1111 1201 1146 1228 ¹⁰¹
1160 1203 1241 1273 duas

182 1305 307 1375 hiemes
326 1331 382 1375 eos
401 1309 435 1375 in
453 1309 568 1377 castris
582 1310 807 1378 continuisset.
824 1308 928 1380 Idem.

573 1507 844 1589 LECTORI.

234 1701 454 1774 Hactemu¹⁰²
466 1707 679 1799 Fragmenta
687 1703 931 1798 florentissimi
945 1731 1054 1778 rerum
1075 1733 1241 1780 romana-

180 1833 254 1878 rum
286 1816 486 1906 scriptoris,
518 1835 598 1906 quat
626 1827 765 1882 exstare
784 1828 959 1908 putantur.
991 1817 1132 1900 Cetera,
1162 1841 1241 1910 qum

178 1933 381 2010 sequuntur,
395 1923 431 1986 in
444 1920 520 1989 MS.
536 1920 649 1988 Servio
664 1920 734 2012 legi
743 1935 866 1988 auctor
883 1935 936 1987 est
951 1923 992 1988 V.
1011 1923 1057 1992 Cl.
1077 1922 1240 1991 Andreas

179 2023 338 2093 Schottur
358 2050 368 2092 .·
389 2029 425 2092 in
451 2030 582 2118 optima
608 2039 723 2092 tomen
749 2026 811 2093 illa
835 2028 1013 2094 Honorati
1037 2027 1184 2096 editione
1215 2053 1239 2096 a

178 2129 282 2198 Petro
303 2131 450 2200 Dam‘ele
470 2133 527 2202 IC.
545 2145 736 2224 procurata
756 2154 826 2199 non
847 2148 1053 2225 comparent.

204 2291 209 2302 .
232 2229 247 2260 *
259 2263 293 2306 m
306 2261 344 2306 or
356 2237 488 2330 Trequii
507 2251 625 2330 prater
640 2261 678 2304 sr
695 2237 779 2304 ciem
799 2239 1015 2306 necessariam
1031 2239 1119 2307 haud
1134 2241 1237 2310 multo

113 2396 116 2404 .
178 2366 272 2412 secus
290 2367 388 2437 quam
408 2342 495 2411 ferro
508 2344 619 2441 noceri
636 2355 773 2436 poterat.
792 2344 837 2410 At
849 2344 1003 2411 Varinius
1017 2329 1065 2432 ¹⁰³,
1077 2344 1156 2414 dum
1166 2347 1236 2416 haec

222 2560 285 2595 ror.
306 2541 352 2595 Ad
370 2542 487 2596 Amisum.
506 2540 576 2595 Vide
590 2561 686 2614 snpra,
728 2541 836 2594 lustium
850 2543 878 2594 in
892 2542 933 2596 his
946 2543 1117 2598 historiarum
1129 2566 1236 2601 suarum

178 2621 234 2688 lv,
249 2641 277 2674 n·
291 2642 316 2674 a.
727 2621 802 2674 libris
820 2629 992 2693 exsequutum
1007 2643 1081 2692 esse,
1099 2643 1182 2697 quum
1202 2648 1233 2680 er

221 2701 684 2772 ros.Deseqq.frugmeutisDouza:
727 2701 828 2773 aliquot
854 2703 1034 2774 superioribus
1060 2705 1234 2776 fragmentis,

184 2781 361 2854 «Fragmenta
371 2779 421 2833 tria
431 2799 462 2834 ex
471 2780 579 2834 vetustis
590 2793 615 2834 et
624 2780 685 2833 Ser·
727 2793 785 2834 tum
806 2800 838 2833 ex
859 2783 1008 2835 Ausoniam
1028 2783 1073 2836 illa
1092 2783 1234 2841 duodecim

179 2861 262 2914 vianis
291 2859 435 2914 doctissimi
466 2861 538 2913 Petri
566 2860 684 2913 Danielis
726 2879 856 2914 annorum
886 2861 1081 2934 computatione
1109 2865 1145 2920 ita
1173 2887 1234 2921 exa·

179 2940 299 3006 schedis,
319 2938 432 2993 necdum
450 2939 608 3010 publicatis,
628 2941 682 2992 Lu·
725 2941 833 2994 mussim
868 2954 1033 3014 compertum
1072 2945 1231 3018 jampridem

178 3021 246 3074 tetius
263 3019 408 3092 descripta,
426 3031 504 3090 atque
519 3017 581 3072 inde
601 3038 682 3090 porro
725 3031 803 3091 atque
816 3021 982 3092 exploratum
995 3023 1137 3091 habemus,
1148 3039 1179 3079 ut
1191 3047 1231 3081 sa-

177 3099 213 3153 ad
227 3103 258 3154 C.
272 3101 306 3152 V.
320 3101 336 3151 J
339 3111 427 3152 ustum
439 3099 559 3168 Lipsium
572 3100 605 3150 ab
619 3097 682 3152 ado·
725 3100 758 3152 tis
768 3102 919 3172 acceptioue
928 3103 1019 3169 nohis,
1028 3105 1083 3173 ejus
1093 3106 1131 3158 rei
1140 3125 1228 3169 causa,

177 3181 289 3235 lescente
299 3179 441 3232 lectissimo
448 3177 553 3230 Andron
559 3177 681 3244 Srhotto,
724 3187 791 3250 opus
799 3198 851 3231 non
863 3179 905 3233 sit.
913 3182 1230 3240 Abessenttantumcaecoe

177 3257 342 3331 gratificandi
353 3277 429 3311 causa
445 3255 605 3328 Lugdunum
620 3277 681 3310 nos·
723 3257 810 3310 lituro
827 3258 896 3324 illue,
919 3271 959 3312 tot
982 3261 1110 3314 barbarias
1127 3265 1229 3320 mendis

178 3353 245 3392 tram
273 3339 443 3404 transmissa,
474 3337 539 3390 alius
568 3337 681 3388 neminis
724 3355 754 3388 uc
767 3337 875 3389 maculis
888 3353 1027 3408 cooperta.
1043 3341 1146 3406 Quibus
1158 3347 1229 3415 ipse,

177 3437 256 3490 quam
269 3418 382 3471 Sallustii
398 3436 452 3470 esse
464 3415 558 3488 quovis
570 3416 681 3487 pignore
723 3415 846 3480 hercule,
856 3413 974 3470 eluendis
987 3432 1026 3472 sat
1038 3437 1092 3472 esse
1102 3440 1156 3475 uon
1165 3443 1227 3494 pos·

175 3495 336 3552 contendere
359 3498 451 3549 ausim.
475 3495 525 3548 Cui
545 3495 582 3547 rei
604 3513 680 3568 argu·
723 3513 887 3567 summeque
895 3496 967 3548 enim
975 3497 1127 3553 fullonicam
1136 3500 1227 3558 didici.

177 3591 264 3631 noenta
283 3577 370 3648 primo
390 3576 488 3647 stylum
505 3574 583 3640 dico;
601 3593 680 3646 quem
724 3575 762 3626 Ut
772 3593 848 3646 eapse
859 3589 961 3628 exarata
974 3580 1075 3649 accepi,
1087 3581 1122 3633 ita
1133 3600 1229 3652 repra·

176 3655 300 3728 egoadeo
312 3657 385 3708 omni
396 3668 512 3727 exparte
524 3653 680 3708 sallustiano
722 3655 830 3708 scotavi.
857 3655 981 3709 Ceterum
1005 3656 1070 3711 fides
1090 3660 1123 3712 sit
1146 3680 1226 3733 penes

175 3734 283 3790 dicendi
309 3736 398 3807 generi
422 3733 598 3806 respondere,
617 3754 680 3806 pro·
722 3735 902 3807 exscriptores.
915 3761 926 3782 ι

176 3816 239 3868 bare
252 3835 328 3888 posse
341 3813 452 3879 videor,
465 3827 495 3868 ut
513 3816 554 3866 lac
569 3815 630 3867 lacti
644 3815 679 3867 si·
766 3815 827 3868 103.
849 3815 888 3868 At
903 3817 1027 3869 Vatinius.
1043 3818 1144 3870 Prutor
1157 3837 1226 3873 anno

176 3895 328 3949 miliusesse
340 3915 395 3948 non
408 3906 494 3966 queat.
510 3892 613 3946 Deinde
625 3912 679 3947 ser·
723 3893 758 3947 U.
773 3895 804 3947 C.
820 3897 885 3956 681,
901 3893 1025 3948 advorsus
1037 3896 1189 3968 Spartacum
1201 3911 1227 3956 et

176 3975 235 4030 vilis
249 3975 311 4030 belli
325 3975 520 4040 tractationem,
531 3992 610 4045 quarn
623 3973 679 4027 Sal·
724 3973 1226 4050 lugitirosvarinfortunahellumgessit.

1026 4109 1074 4182 2ει
