2910 4666
243 431 317 504 318
505 433 543 502 C.
572 433 746 501 CRISPI
775 433 1051 502 SALLUSTII

241 567 364 636 vastari
381 566 425 635 ab
444 567 553 634 Mario
578 569 646 660 pati
671 567 881 659 nequivisse:
901 581 1059 661 praeterea
1082 568 1186 638 missis
1207 585 1300 640 antea

239 675 381 741 Romam
407 671 541 767 legatis,
571 671 738 767 repulsum
764 673 806 740 ub
828 675 979 743 amicitia.
1007 677 1165 744 Ceterum
1189 689 1301 746 vetera

239 780 411 868 omittere,
432 803 471 848 ac
488 794 579 868 tum,
599 783 625 850 si
643 805 704 875 per
723 781 870 850 Marium
891 779 1024 867 liceret,
1042 780 1166 876 legatos
1184 783 1228 852 ad
1248 809 1300 853 se·

239 899 352 954 natum
375 888 561 955 missurum.
578 887 688 972 Dein,
706 888 804 982 copia
821 873 938 974 inoffi,
960 889 1088 956 animus
1108 888 1240 958 barbari
1260 891 1302 959 ab

237 993 353 1060 amicis
374 992 491 1081 flexus,
512 1019 596 1088 quos
614 994 798 1088 Jugurtha,
815 995 948 1089 cognita
967 993 1129 1090 legatione
1150 995 1250 1066 Sullae
1270 1012 1302 1066 et
1338 1011 1342 1022 '

238 1097 369 1184 Manlii,
388 1115 538 1169 metuens
558 1100 607 1188 id,
624 1100 713 1195 quod
736 1101 935 1194 pambamr,
956 1101 1050 1170 donis
1071 1117 1274 1196 corruperat

291 1208 383 1274 CIII.
411 1208 539 1276 Marius
556 1209 701 1294 interea,
720 1209 917 1304 exercituin
938 1207 1085 1278 hibernis
1101 1211 1300 1302 composito,

236 1333 314 1381 cum
336 1311 496 1407 expeditis
518 1313 711 1382 cohortibus
733 1327 766 1380 et
787 1329 880 1408 parte
898 1316 1061 1409 equitatus
1080 1314 1300 1409 proficiscitur

236 1420 270 1487 in
283 1417 357 1488 loca
373 1419 440 1488 sola
453 1419 475 1508 ¹,
487 1421 658 1490 obsessum
673 1421 791 1488 turrim
806 1423 949 1515 regiam,
964 1445 1030 1515 quo
1046 1420 1211 1516 iugurtha
1226 1448 1299 1517 per-

234 1524 331 1620 fugas
345 1549 459 1595 omnes
473 1527 660 1621 praesidium
670 1528 882 1622 imposuerat.
889 1530 981 1618 ¹Turn
993 1551 1106 1598 rursus
1120 1527 1299 1616 Bocchus²,

234 1655 293 1700 seu
318 1631 526 1726 reputando,
551 1659 623 1727 quae
648 1634 709 1702 sihi
737 1632 866 1702 duobus
892 1633 1010 1728 praeliis
1033 1650 1210 1718 venerant,
1242 1661 1299 1705 seu

234 1737 422 1808 admonitus
440 1738 482 1807 ab
500 1742 633 1824 amicis,
651 1765 734 1834 quos
749 1742 959 1836 inconuptos
977 1739 1140 1835 iugurtha
1158 1737 1298 1836 relique·

233 1859 302 1932 rat,
319 1871 359 1914 ex
379 1847 471 1915 omni
488 1847 584 1941 copia
605 1848 865 1916 necessariorum
887 1849 1031 1942 quinque
1051 1847 1190 1942 delegit,
1211 1873 1298 1942 quo-

232 1975 308 2020 rum
329 1967 363 2022 et
382 1952 463 2022 fides
490 1955 639 2050 cognita,
657 1970 691 2023 et
710 1955 841 2048 ingenia
866 1952 1079 2023 vahdissuma
1101 1967 1205 2022 erant.
1230 1957 1299 2024 Eos

232 2057 276 2126 ad
295 2061 458 2146 Marium,
473 2083 512 2131 ac
534 2061 627 2150 dein,
646 2064 672 2131 si
691 2047 852 2158 placeat³‚
865 2063 1006 2130 Romam
1029 2058 1153 2158 legatos
1174 2062 1221 2129 ire
1241 2062 1298 2156 ju-

232 2163 306 2254 het;
325 2165 528 2261 agendarum
550 2194 679 2256 rerum,
702 2183 736 2238 et
757 2193 967 2264 quocumque
989 2165 1090 2238 modo
1108 2165 1185 2236 belli
1202 2193 1297 2237 com-

231 2367 348 2439 flngere,
361 2387 389 2422 ae
404 2369 592 2441 partemillnm
609 2369 742 2424 Numidiae
786 2369 921 2442 quoddam
940 2370 1079 2441 exemplar
1095 2370 1123 2422 in
1145 2369 1188 2422 his
1207 2371 1297 2424 verbis

231 2449 683 2522 animumanimumum
696 2469 742 2522 po-
786 2451 923 2513 liniretnr,
941 2450 1052 2504 solemni
1066 2449 1112 2502 illo
1126 2449 1227 2517 verbo„
1235 2451 1297 2516 seli·

230 2541 337 2581 tuerent
350 2530 461 2582 omnino
473 2531 656 2583 contentiones
672 2532 741 2584 inter
786 2533 852 2583 citer.
863 2529 945 2582 Addit
955 2541 1007 2582 tres
1016 2529 1139 2582 melioret
1147 2528 1296 2583 auoeoodd

230 2609 321 2661 ambo·
338 2608 516 2674 intercedere,
533 2611 622 2663 insciis
643 2612 740 2663 Roma·
784 2611 865 2680 paulo
874 2610 985 2662 inferius
997 2609 1078 2662 finiri.
1091 2609 1125 2662 Et
1134 2610 1222 2662 nostri
1232 2627 1297 2680 qno-

229 2687 281 2740 nis.
293 2689 334 2740 Ita
345 2707 435 2742 sensus
446 2701 527 2742 esset:
538 2688 672 2742 Numidiae
682 2709 742 2761 par·
785 2707 837 2760 que
850 2688 942 2742 ‹1qu
957 2701 984 2743 et
999 2691 1021 2743 C
1037 2707 1053 2740 ι
1067 2689 1172 2754 verbis,
1183 2709 1215 2742 ex
1231 2694 1296 2742 onai

232 2779 303 2830 tem,
318 2767 346 2819 in
360 2785 412 2838 qna
428 2769 527 2820 bellum
540 2770 656 2839 geritur,
673 2771 741 2822 Boo-
785 2773 855 2840 eopia
870 2774 1064 2832 montom,
1080 2769 1232 2822 transiliunt
1246 2769 1297 2835 ad,

229 2847 274 2898 chi
287 2865 343 2899 esee
359 2849 419 2918 jure
439 2847 519 2914 belli,
532 2849 632 2920 quippe
648 2851 695 2920 qni
713 2851 740 2901 vi
781 2867 865 2919 pacem
879 2850 964 2912 vellet,
981 2868 1038 2921 cap.
1051 2848 1144 2913 Cllllt
1157 2867 1220 2902 mox
1235 2849 1296 2904 finis

229 2926 389 2997 Iugurtham
401 2925 465 2979 inde
477 2928 615 2998 expulerit.
632 2929 687 2982 Nec
703 2929 741 2981 vi·
783 2928 934 2999 insequitur
951 2942 979 2982 et
999 2931 1028 2982 in
1048 2929 1118 2982 calce
1136 2929 1200 2982 libri
1216 2947 1296 3000 repo-

229 3003 281 3058 deo
292 3005 359 3077 quid
373 3007 423 3058 sibi
434 3005 576 3077 velletjun
585 3009 653 3066 belli,
665 3010 693 3060 ni
706 3007 740 3061 ad
783 3021 905 3073 nuntur,
934 3008 980 3062 sed
1008 3009 1089 3062 ultera
1115 3026 1214 3074 menn,
1235 3027 1296 3080 qne

230 3084 354 3138 eumdem
366 3087 524 3151 referretur,
533 3105 562 3140 nc
573 3092 602 3140 oi
612 3089 738 3159 repulerit.
783 3089 878 3142 omisan
885 3089 1061 3154 fuerant;nisi
1069 3085 1182 3159 quodA,
1190 3089 1218 3142 in
1226 3087 1294 3153 line,

271 3169 297 3221 8.
322 3166 400 3237 Copia
417 3169 497 3234 faeta.
521 3165 626 3221 Soilloet
641 3169 739 3240 legatos
784 3171 866 3239 pau'oa
879 3167 1053 3222 desideranda
1069 3168 1206 3239 relinquit.
1222 3169 1293 3239 Ergo

230 3243 263 3298 ad
277 3245 393 3299 Marium
408 3244 541 3300 mittendi.
783 3249 926 3302 verisimile
936 3263 976 3304 eat
985 3248 1140 3302 Sallustium
1147 3249 1294 3319 retinniat,

271 3327 337 3380 Car.
354 3327 427 3380 ClIl.
444 3345 468 3379 1.
486 3327 517 3378 ln
529 3328 583 3380 loca
594 3329 654 3381 tola.
669 3329 738 3381 Soli·
783 3340 832 3380 tum
846 3347 927 3382 rursus
938 3329 1058 3390 Boeotia,
1072 3349 1125 3389 seu,
1140 3341 1208 3394 eto.;
1220 3327 1294 3399 qnod

229 3404 612 3481 taria‚deaertn.Earoxsepe
622 3409 739 3462 occurrit
782 3425 844 3462 cum
862 3409 955 3462 Cottio
976 3409 1081 3480 sequuti
1098 3424 1197 3462 eumue.
1212 3405 1293 3473 Quod

228 3485 280 3539 hoo
295 3487 578 3560 eenru.Virg.'Ge0rg.
595 3507 649 3555 111,
665 3497 737 3558 249:
782 3487 816 3542 ad
830 3489 987 3542 seutentiam
1002 3489 1113 3551 attinet,
1129 3485 1210 3543 modo
1226 3485 1295 3542 dixit

229 3573 286 3612 lleul
295 3573 345 3612 mele
354 3583 396 3612 turn
407 3575 474 3628 tray-
482 3573 526 3614 tolt'r
535 3584 610 3615 erratur
620 3575 642 3614 in
653 3578 711 3630 ngrlr
781 3567 916 3622 Booehum
924 3569 957 3622 ΙῙ)
963 3567 1054 3622 miei!
1060 3567 1167 3632 flexum,
1172 3567 1293 3639 Syllum

229 3646 286 3700 cie.
298 3645 333 3698 de
343 3647 404 3698 niv.
418 3665 445 3713 r,
462 3647 497 3700 28
512 3666 519 3700 ι
534 3675 545 3694 ι
558 3649 688 3713 Quumin
700 3650 739 3701 lo·
781 3665 914 3702 sumonea
930 3659 1014 3701 etrus
1031 3649 1160 3718 promisee
1178 3647 1292 3701 &lim

228 3726 266 3779 eit
278 3727 336 3778 solis
350 3739 457 3779 moestus
470 3745 578 3780 errares.
591 3753 602 3773 ι
781 3746 844 3798 este.
854 3729 933 3782 Nunc
942 3727 1008 3782 dicit
1016 3745 1106 3780 rursus
1114 3739 1248 3781 mutatum
1258 3726 1290 3784 nd

271 3825 297 3860 a.
317 3807 378 3858 Tum
388 3825 468 3858 rursus
477 3807 593 3858 Boethio.
603 3807 654 3860 Hic
664 3803 739 3862 eddlt
780 3805 851 3879 pauit
866 3809 975 3862 consilia
990 3806 1087 3861 redire.
1103 3839 1144 3850 -·-
1160 3808 1292 3860 Venerunt.

228 3885 286 3957 utp.
305 3905 338 3939 ex
353 3887 468 3958 antiquie
487 3883 549 3938 edd.
566 3887 664 3939 seilicet.
682 3887 737 3940 Ha·
780 3889 945 3954 Evenerant5
966 3886 1039 3960 quod
1063 3887 1143 3940 etiam
1165 3887 1248 3960 aliqui
1275 3905 1291 3939 e

228 3981 298 4018 vere·
310 3979 337 4019 et
349 3979 501 4020 nostrorum
516 3977 643 4038 quantor,
654 3967 738 4033 filicl-
780 3967 878 4022 nostris
886 3982 913 4021 et
919 3968 1009 4040 plnres
1016 3965 1078 4026 edd.
1086 3965 1202 4040 Simplex
1210 3970 1291 4020 natue

230 4056 271 4098 tar.
282 4047 321 4111 D,
320 4049 437 4117 flectitur.
446 4047 543 4100 Omnia
554 4048 610 4100 heo
620 4063 737 4100 manasse
780 4049 904 4120 frequens
917 4061 956 4102 eat
969 4047 1143 4110 in,loontione
1154 4067 1199 4100 usu
1212 4051 1288 4100 vnit.

226 4135 303 4196 potu
311 4127 419 4181 Cortitu
427 4167 434 4194 ‚
442 4145 512 4181 exeo
521 4125 593 4197 qood
603 4140 735 4180 vetustum
823 4131 849 4182 3.
863 4129 893 4182 u·
904 4130 1008 4198 placeat.
1025 4127 1131 4183 Soilioet
1143 4127 1240 4182 uuio.
1249 4157 1289 4174 ·-·
