2922 4642
131 415 1097 440 mmmmmmmm
1100 419 1192 440 m

294 601 419 724 DE
476 599 1025 728 SALLUSTIO

17 887 18 896 ’
130 881 337 945 VETERUM
354 881 632 946 SCRIPTORUM
653 881 818 946 JUDICIA
839 883 895 950 ET
915 883 1192 949 TESTIMONIA.

17 1205 19 1274 l

358 1105 965 1143 qm

289 1329 872 1418 VnnunrnsPsrnucnuns,H1sr.
902 1355 967 1402 mu.
997 1355 1034 1401 ιι.

17 1589 18 1598 Ν
134 1459 354 1583 AEnusus
371 1503 572 1600 mucymus
598 1505 777 1576 sallustius.

608 1685 714 1754 Inmr.

184 1841 273 1908 Pene
299 1837 400 1909 stulta
427 1856 477 1910 est
498 1841 726 1911 inhaerentium
752 1841 856 1912 oculis
882 1845 1089 1940 ingeniorum
1113 1871 1193 1916 enu-

135 1948 287 2032 αισι-σάος
305 1947 392 2015 inter
409 1971 482 2041 quae
499 1950 641 2016 maxime
662 1949 766 2018 nostri
784 1949 846 2018 aevi
862 1954 1023 2040 eminent,
1039 1953 1192 2048 princeps

136 2054 317 2122 mrminurn
340 2050 499 2149 Virgilius
522 2053 760 2147 Rabiriusque‚
778 2069 812 2123 et
840 2072 1063 2151 consequutus
1089 2057 1193 2126 Sallu·

136 2160 229 2228 stium
248 2161 384 2244 Livius,
401 2159 615 2256 Tibullusque
629 2175 663 2229 et
676 2162 767 2230 Naso
774 2161 1026 2255 ;·perfectissimi
1039 2164 1073 2231 in
1087 2161 1192 2232 forma
1261 2165 1264 2172 ’

136 2267 260 2360 operis,
274 2279 339 2335 etc.

314 2461 453 2532 Sunuci
480 2483 643 2550 tauron,
669 2463 836 2532 Ducum.
863 2485 927 2532 nm.
956 2484 1007 2531 ιιι.

193 2619 370 2688 Orationes
391 2617 536 2688 Sallustii
557 2621 591 2688 in
611 2618 773 2688 honorem
796 2605 1191 2713 historiarum'legantur.

138 2796 248 2884 lusu,
267 2796 515 2868 Conrnovnus.
538 2818 602 2864 nin.
627 2819 684 2881 rx,
707 2797 872 2865 Ducum.
898 2817 930 2884 1,
956 2819 1000 2866 nr
1024 2799 1193 2867 Couruo-

529 2923 622 2971 unns.
653 2923 709 2989 iv,
739 2903 798 2987 24.

185 3019 387 3154 Thucydidis
405 3061 565 3130 sententia
584 3073 655 3129 est:
676 3061 775 3128 Δειναὶ
797 3055 855 3155 γάρ
881 3059 912 3127 αἱ
938 3055 1094 3155 εὐπραξίαι
1119 3087 1194 3158 συγ-

19 3203 20 3210 1
138 3165 245 3258 κρύψαι
264 3167 316 3234 καὶ
343 3169 504 3235 συσκιάσαι
527 3163 570 3233 τὰ
592 3165 727 3234 ἑκάστων
754 3167 975 3259 ἁμαρτήματα.
990 3165 1193 3237 Sallustius:

142 3275 230 3343 «Res
248 3272 402 3343 secundm
423 3273 505 3341 mire
529 3287 607 3342 sunt
629 3273 716 3341 vitiis
737 3272 931 3342 obtentui.»
956 3273 1009 3341 Sic
1031 3297 1134 3367 quum
1154 3273 1196 3342 sit

136 3381 302 3475 praecipua
328 3381 363 3447 in
389 3378 582 3474 Thucydide
608 3381 715 3447 uirtus
742 3379 910 3466 brevitas,
939 3377 1002 3447 hac
1024 3402 1100 3446 eum
1125 3377 1194 3448 sal-

20 3553 21 3562 ,
137 3483 249 3556 iustius
267 3487 361 3574 uicit,
379 3485 464 3554 etin
482 3487 549 3554 suis
574 3509 651 3554 eum
670 3485 786 3554 castris
804 3483 931 3555 cecidit.
953 3487 1040 3552 Nam
1058 3486 1093 3552 in
1117 3507 1195 3554 sen-

20 3673 22 3686 .
138 3595 235 3662 tentia
255 3616 362 3689 graeca
379 3605 448 3660 tam
467 3593 576 3676 brevi,
590 3591 693 3660 habes
707 3615 780 3685 quae
802 3589 895 3661 salvo
911 3614 1008 3660 seusu
1030 3590 1194 3661 detrahas.

136 3701 241 3769 Deme
257 3698 311 3769 vel
325 3694 513 3794 συγκρύψαι,
523 3697 576 3766 vel
594 3697 772 3781 συσκιάσαι,
785 3697 881 3766 deme
896 3696 1049 3786 ἑκάστων,
1064 3711 1194 3767 consta·

136 3804 183 3875 bit
200 3831 332 3894 sensus,
353 3805 568 3874 etiamsinon
586 3829 678 3898 aeque
696 3817 865 3898 comptus,
879 3828 971 3898 aeque
989 3819 1100 3873 tumen
1117 3805 1197 3875 inte·

137 3937 201 4007 ger.
226 3915 271 3983 At
295 3939 337 3984 ex
355 3910 501 3982 Sallustii
516 3913 677 3980 sententia
697 3909 777 3980 nihil
798 3910 887 3980 demi
911 3911 980 3979 sine
997 3909 1197 3983 detrimento

138 4042 246 4091 sensus
262 4033 384 4117 potest
412 4019 506 4088 Titus
532 4031 642 4087 autern
665 4019 778 4088 livius
802 4031 870 4086 turn
894 4017 1025 4110 iniquus
1043 4016 1198 4090 Sallustio
