2942 4662
252 379 325 454 550
696 380 867 448 INDEX
923 375 932 388 '

289 515 379 578 Cana3
395 511 460 575 445.
484 506 587 562 Nomen
603 511 718 581 plurium
734 509 909 582 oppidorum
925 508 979 562 vid.
996 510 1070 580 Frag.
1085 509 1138 562 inc.
1153 509 1199 561 tib.
1217 527 1306 577 n.91.

289 595 460 657 Causarum
471 611 497 662 p.
514 593 559 653 45.
574 589 714 642 Hominem
723 609 755 650 ,ex
766 590 905 644 Camerino
920 588 1036 662 oppido,
1050 591 1077 641 in
1091 589 1307 660 Umbria,prope

251 691 341 746 agrum
354 672 487 725 Picenum.
499 668 635 740 Oppidum
652 671 701 722 hoc
717 669 787 722 doct.
800 671 893 722 Barlie'
900 671 933 722 du
947 671 1043 739 Bocage
1056 669 1133 739 Sylla
1146 669 1306 738 temporibus

249 751 386 806 conditum
403 762 520 802 autumat
531 769 544 800 a
555 751 734 812 camertibus,
749 749 795 820 qui
808 751 881 822 prius
896 752 1059 813 Camertum,
1070 750 1097 801 in
1113 747 1230 819 ejusdem
1240 749 1306 800 Um·

250 832 315 884 brias
327 831 461 883 montibus
473 830 635 882 incolebant:
648 831 795 882 Camertum
809 831 879 882 enim
894 849 907 881 a
923 828 994 900 Sylla
1009 827 1134 893 deletam,
1147 829 1209 899 quia
1222 829 1307 880 Mario

187 945 194 958 .
250 912 357 964 faverat.
380 909 442 961 llaec
462 923 488 962 et
511 910 559 961 alia
580 908 657 962 docet
672 929 740 962 unus
761 928 792 960 ex
812 908 921 962 eruditis
941 909 1076 960 Strabonis
1098 909 1244 978 interprett.
1270 909 1306 958 De

249 992 355 1061 laporte
366 990 398 1040 du
414 990 497 1052 Tlrer'l,
507 990 535 1041 in
547 1002 659 1059 excerpt.
674 988 803 1042 dissertat.
819 989 949 1042 Francisei
962 989 1025 1040 Diui
1037 988 1128 1040 Italici.

290 1071 453 1134 Cmsnta;
469 1089 495 1140 p.
511 1075 575 1133 444.
592 1069 654 1121 Pars
665 1069 745 1121 ltaliae
754 1109 762 1134 ‚
777 1071 852 1140 cujus
864 1069 987 1140 primaria
1003 1069 1066 1120 urbs
1082 1069 1181 1138 Capua.

290 1150 476 1214 Carrsnocm
492 1169 519 1220 p.
535 1149 600 1211 415.
614 1149 681 1201 Asin
701 1150 810 1202 minoris
831 1150 920 1222 regio,
943 1148 1104 1219 Euphratem
1118 1160 1144 1200 et
1157 1146 1306 1198 Armeniam

250 1230 285 1282 ab
305 1221 424 1291 orient'e,
446 1230 479 1281 ab
501 1227 637 1282 occidente
651 1229 792 1300 Phrygiam
806 1241 832 1282 et
847 1229 1006 1300 Lycaoniam
1018 1227 1126 1280 habens.
1143 1223 1307 1298 Cappadocia

250 1308 372 1362 Straboni
385 1322 411 1360 et
422 1299 625 1362 llalicarumsno
640 1309 798 1379 Leucosyria
814 1327 919 1380 quoque
934 1307 1039 1361 dicitur.
1055 1309 1093 1358 Ea
1108 1307 1157 1359 sub
1171 1307 1306 1358 Persarum

249 1391 369 1460 regibus,
386 1409 400 1441 a
411 1389 500 1448 Tauro
513 1401 602 1440 monte
617 1407 700 1459 usque
713 1387 745 1440 ad
758 1389 889 1442 Euxinum
908 1389 1021 1460 patebat.
1035 1387 1114 1439 Nunc
1127 1385 1306 1440 Caramauiam

249 1469 329 1540 vulgo
343 1468 444 1522 dicunt.
461 1469 539 1520 Plura
557 1470 596 1520 De
614 1469 659 1521 Br.
676 1486 730 1532 111,
746 1486 782 1521 vr.

291 1551 391 1614 Carsa;
407 1568 434 1619 p.
451 1567 523 1615 291,
541 1554 613 1614 ²94,
631 1549 695 1601 305.
713 1549 783 1600 Urbs
798 1545 992 1611 Numidarum,
1009 1546 1077 1599 inter
1090 1559 1174 1598 vastas
1187 1542 1306 1598 solitudi-

250 1647 310 1692 nes,
327 1648 341 1679 a
357 1629 442 1678 Mario
454 1625 574 1689 incensa,
589 1628 683 1678 iterum
701 1645 714 1678 a
730 1629 830 1680 Caesare
844 1625 968 1679 adversus
982 1627 1078 1678 Juham
1093 1644 1182 1696 regern
1197 1624 1307 1676 bellante

251 1707 344 1758 deleta.
362 1707 461 1758 Urbem
480 1707 577 1773 Cassum
593 1703 718 1758 describit
733 1706 837 1760 doctiss.
853 1707 952 1778 Anglus
973 1705 1060 1768 Shaw,
1077 1725 1156 1776 quarn
1170 1702 1307 1775 Jugurthi·

252 1805 313 1840 nam
328 1787 438 1856 Capsam
452 1785 530 1838 fuisse
544 1786 695 1838 arbitratur.

291 1867 400 1930 Cusum
415 1885 441 1935 p.
458 1871 504 1933 49,
518 1865 564 1919 50.
581 1866 651 1918 Urbs
664 1866 860 1936 Campanorum
872 1866 1056 1930 celeberrima,
1068 1883 1148 1936 quarn
1158 1860 1304 1916 condidisse

253 1943 409 1998 credebatur
422 1946 509 2016 Capys
529 1949 618 1998 AEneae
639 1947 732 1999 socius.
745 1947 819 2016 Virg.
834 1965 866 2010 x,
883 1947 955 2010 145:

406 2087 436 2134 Et
447 2087 540 2148 Capys:
555 2087 610 2133 hinc
624 2103 710 2134 nomen
725 2088 846 2148 Campanae
861 2087 952 2133 ducitur
967 2085 1026 2131 urbi.

253 2241 276 2289 Α
291 2237 383 2290 Tuscis
398 2250 486 2290 tamen
501 2237 620 2302 Servius,
630 2236 662 2290 ad
676 2239 747 2306 bunc
761 2257 867 2290 versum
876 2277 882 2301 ‚
892 2236 1024 2290 conditam
1041 2235 1171 2299 affirmat,
1182 2236 1255 2298 viso,
1269 2236 1311 2287 in·

254 2317 328 2388 quit,
342 2317 450 2370 falconis
462 2319 584 2388 augurio,
596 2318 642 2388 qui
654 2319 739 2370 Tusca
754 2317 843 2388 lingua
859 2319 945 2388 Capys
957 2313 1063 2370 dicitur.
1080 2315 1169 2386 Capua
1183 2314 1311 2368 hodierna

254 2397 339 2448 tribus
351 2397 405 2450 lere
421 2393 537 2450 millibus
553 2399 585 2449 ab
601 2399 708 2468 antiqua
723 2395 818 2464 distat;
832 2417 889 2468 quae
905 2397 955 2449 fuit
967 2397 995 2448 in
1014 2388 1075 2448 loco¹
1086 2391 1160 2448 dicto
1174 2415 1247 2448 nurrc
1259 2397 1311 2448 Ita-

254 2475 312 2527 licis
323 2514 331 2540 ,
344 2488 414 2528 surita
426 2477 510 2529 Marta
523 2477 551 2527 di
569 2475 661 2547 Capoa.

294 2555 380 2607 Canas
386 2575 394 2622 ;
402 2577 427 2627 p.
438 2563 502 2620 444.
509 2555 557 2608 Hic
564 2555 597 2607 de
605 2555 715 2609 Caribus
722 2567 823 2608 tantum
834 2556 958 2609 insulanis
967 2556 1081 2608 mentio:
1089 2552 1143 2606 vid.
1152 2553 1195 2605 Fr.
1203 2554 1254 2608 luc
1263 2555 1308 2607 lib.

254 2654 282 2687 n.
294 2633 340 2686 85.
351 2635 475 2687 Ceterum
485 2636 561 2690 Curia
572 2649 610 2688 est
621 2637 693 2705 regio
703 2636 770 2686 asie
780 2636 904 2700 minoris,
917 2635 982 2686 mari
995 2647 1021 2686 et
1034 2631 1125 2704 Lydiae
1138 2635 1311 2686 contermina.

294 2715 498 2784 Cannuaamp.
523 2732 573 2779 21,
600 2732 669 2782 179,
695 2715 766 2778 113,
791 2717 855 2768 168.
878 2715 1145 2777 Cauruacmrnnsas,
1161 2714 1214 2778 82,
1239 2715 1309 2775 153,

258 2795 326 2856 180,
344 2808 408 2862 ²7¹·
423 2793 494 2844 Urbs
510 2811 524 2843 a
539 2791 630 2863 Tyriis
641 2791 747 2845 condita
758 2832 766 2856 ,
779 2793 845 2848 duce
861 2813 950 2846 sorore
967 2794 1145 2866 Pygmalionis
1158 2793 1256 2858 Elissa,
1269 2794 1311 2847 cui

255 2889 400 2940 cognomen
414 2869 499 2935 Dido,
513 2889 582 2922 anno
595 2885 654 2923 aute
670 2873 733 2925 Chr.
746 2873 850 2926 circiter
869 2875 922 2926 852
940 2867 988 2934 (ut
1004 2873 1109 2946 conjicit
1123 2873 1161 2924 De
1176 2873 1276 2924 Brasses
1286 2869 1313 2936 ),
1363 2903 1369 2916 ·

256 2947 340 3001 deleta
360 2969 422 3002 vero
438 2969 452 3001 a
467 2950 590 3002 Romanis
602 2952 633 3002 A.
648 2949 681 3002 U.
699 2952 729 3006 C.
748 2957 803 3008 608
812 2991 819 3016 ,
836 2966 895 3005 ante
910 2953 974 3007 Chr.
995 2957 1057 3016 146.
1069 2953 1132 3005 Haec
1144 2953 1207 3004 urbs
1221 2972 1312 3006 rursus

256 3026 381 3081 aedificata
397 3029 448 3080 fuit
463 3043 488 3081 et
500 3027 602 3080 colonia
618 3049 649 3082 eo
665 3029 793 3101 deducta,
804 3033 950 3103 imperante
964 3035 1089 3103 Augusto.
1105 3033 1164 3084 Jum
1177 3045 1313 3085 vernante

255 3108 354 3179 Tyrios
377 3127 437 3161 cum
453 3109 533 3161 Elissa
549 3108 669 3170 aduectos
684 3130 725 3163 eas
741 3111 814 3165 sedes
834 3113 939 3166 tenebat
961 3113 1139 3184 antiquissima
1158 3111 1313 3166 Phoeuicum

256 3188 376 3254 colonia;
399 3189 514 3260 urbsque
537 3187 671 3242 dicebatur
692 3189 823 3256 Cadmeia,
839 3191 867 3244 id
883 3203 937 3256 est,
959 3193 1113 3257 Orientalis3
1132 3192 1173 3242 vel
1188 3191 1311 3253 (scembs,

256 3269 273 3320 i.
287 3288 309 3321 e.
327 3279 405 3340 caput
420 3269 561 3342 equinum,
575 3271 610 3322 ob
621 3271 673 3322 tale
686 3285 764 3342 caput
776 3273 803 3325 in
817 3269 974 3325 effodiendis
986 3291 1124 3326 murorum
1135 3269 1313 3324 fundamentis

228 3366 231 3374 ·
256 3349 401 3402 inventurn.
421 3349 522 3403 Urbem
546 3349 659 3403 munivit
676 3351 896 3422 amplificavitque
910 3351 996 3414 Dido,
1017 3371 1166 3422 nomenque
1187 3352 1313 3422 imposuit

259 3428 389 3492 Carthadt,
405 3448 450 3481 seu
468 3429 702 3492 Cartha-Hadath,
719 3431 736 3484 i.
752 3451 774 3484 e.
789 3433 882 3483 urbem
897 3451 1006 3498 novam3
1023 3433 1077 3484 sive
1092 3433 1153 3502 quia
1168 3450 1181 3482 a
1197 3451 1225 3482 se
1239 3445 1312 3484 aucta

257 3521 283 3560 ct
296 3509 370 3580 quasi
388 3523 511 3563 renovata
529 3524 601 3577 erat,
621 3511 675 3562 sive
692 3525 802 3582 propter
820 3513 940 3576 Uticam,
955 3513 973 3566 i.
987 3531 1009 3564 e.
1031 3513 1125 3564 urbem
1140 3521 1271 3575 veterem,
1285 3512 1311 3562 in

257 3589 379 3660 opposito
390 3588 476 3654 sinus,
490 3590 536 3642 ubi
548 3591 596 3642 sita
611 3603 683 3655 erat,
695 3591 796 3657 littore,
811 3592 899 3643 multis
911 3605 971 3644 aute
985 3591 1103 3644 aetatibus
1118 3589 1261 3644 conditam.
1274 3591 1312 3642 Ex

256 3668 355 3737 punico
363 3669 491 3720 vocabulo
501 3669 586 3721 Graeci
597 3670 715 3722 lecerunt
723 3665 876 3741 Καρχηδόνι,
888 3671 988 3739 Latini,
1000 3671 1132 3741 Carthago.
1145 3670 1222 3723 Nunc
1231 3687 1311 3742 pauca

258 3745 384 3800 duntaxat
400 3755 477 3800 tantae
497 3749 569 3800 urbis
589 3751 697 3820 vestigia
716 3753 899 3822 reperiuntur,
913 3771 966 3802 non
983 3751 1075 3822 procul
1086 3772 1101 3803 u
1113 3751 1217 3804 castello
1232 3749 1312 3803 hodie

257 3823 328 3879 dicto
344 3829 426 3894 lefort
442 3829 472 3879 de
484 3828 508 3879 la
524 3827 647 3890 Goulette,
664 3847 748 3901 prope
763 3831 905 3883 Tunetum.
920 3829 983 3882 Vid.
1003 3831 1041 3882 De
1051 3831 1163 3890 Brosses,
1174 3829 1234 3900 Jug.
1249 3849 1313 3884 rur.

297 3908 541 3979 Carasarnuos3p.
559 3908 622 3977 175,
634 3927 697 3979 ¹79·
707 3911 766 3961 Duo
778 3911 829 3964 hoc
837 3911 944 3964 nomine
954 3911 1005 3962 loci
1015 3911 1131 3976 filerunt,
1141 3925 1251 3980 magnus
1258 3911 1313 3962 scil.

258 3997 284 4036 et
305 4003 402 4056 parvus
423 3988 617 4042 Catabathmon.
634 3991 673 4041 De
688 4009 782 4061 magno
796 3990 842 4044 hio
855 3991 928 4062 loqui
945 3988 1051 4043 videtur
1066 3989 1217 4054 Sallustius,
1234 4007 1311 4060 quem
