2950 4648
252 390 328 479 426
646 389 921 462 SALLUSTIl

251 551 328 593 mox
340 524 472 619 ingenui
484 525 630 617 corporis
641 511 664 552 ¹⁴
680 523 868 610 honestius,
882 549 981 619 quam
994 549 1056 620 pro
1065 539 1174 594 vestra
1189 525 1308 616 salute,
1348 595 1352 602 ,

250 629 349 699 linem
372 631 445 698 vitae
468 629 610 698 fecerim.
634 630 758 700 Adsum
783 655 825 698 en
852 634 888 700 C.
919 634 1019 700 Cotta
1039 631 1179 700 consul:
1203 633 1306 719 facio,

250 736 338 830 quod
363 760 448 830 saepe
464 736 604 828 majores
625 738 747 830 asperis
765 735 858 806 bellis
880 736 1008 805 fecere:
1025 761 1131 806 voveo
1154 737 1306 833 dedoque

250 829 335 910 me'⁵
352 867 411 936 pro
431 841 606 937 republica.
626 843 736 932 Quam
749 843 882 926 deinde,
900 845 953 912 cui
966 843 1143 930 mandetis,
1159 847 1305 914 circum-

249 950 381 1043 spicite:
396 973 471 1016 nam
486 947 584 1018 talem
597 948 757 1018 honorem
776 951 883 1018 bonus
897 975 994 1018 nemo
1009 949 1114 1036 volet,
1128 975 1230 1044 quum
1244 951 1307 1022 for·

249 1069 353 1142 tunae,
369 1070 403 1124 et
422 1057 541 1141 maris,
565 1069 598 1123 et
617 1054 692 1124 belli
708 1055 749 1123 ab
764 1055 833 1124 aliis
852 1057 916 1124 acti
941 1059 1023 1124 ratio
1042 1055 1226 1140 reddenda,
1247 1073 1306 1126 aut

248 1165 388 1256 turpiter
411 1161 617 1230 moriendum
632 1163 680 1230 sit.
696 1162 941 1231 Tantummodo
955 1163 988 1230 in
1002 1164 1119 1232 animis
1132 1163 1304 1248 habetote,

248 1292 315 1336 non
337 1293 390 1337 me
413 1268 457 1336 ob
482 1267 588 1337 scelus
618 1283 675 1336 aut
707 1271 877 1337 avaritiam
896 1293 1035 1353 caesum3
1059 1269 1116 1338 sed
1138 1268 1303 1338 volentem

247 1399 309 1467 pro
329 1378 491 1444 maxumis
517 1374 683 1444 beneficiis
704 1377 847 1443 animam
869 1375 957 1443 dono
980 1373 1116 1445 dedisse.
1138 1378 1200 1444 Per
1226 1401 1305 1458 vos,

247 1480 408 1569 Quirites,
429 1495 463 1549 et
476 1478 612 1575 gloriam
626 1481 788 1574 majorum
798 1467 832 1568 ¹⁶,
849 1479 986 1550 tolerate
1001 1482 1160 1567 advorsa,
1177 1497 1210 1550 et
1224 1507 1303 1551 con·

247 1586 341 1656 sulite
360 1585 555 1682 reipublice.
577 1586 775 1655 Multarum
794 1613 925 1656 summo
941 1588 1079 1682 imperio
1097 1589 1192 1675 inest,
1210 1587 1304 1657 multi

245 1693 394 1787 ingentes
406 1693 534 1762 labores
547 1719 553 1760 :
568 1719 651 1786 quos
666 1693 887 1787 nequidquam
900 1693 1056 1782 abnuitis,
1072 1707 1106 1764 et
1119 1696 1208 1788 pacis
1220 1719 1302 1790 opu·

246 1796 378 1868 lentiam
394 1801 553 1893 quaeritis,
571 1825 673 1894 quum
698 1825 812 1870 omnes
831 1803 1024 1894 provincias,
1044 1823 1163 1894 regna,
1183 1803 1302 1885 maria,

247 1919 406 2000 terraeque
425 1930 541 2001 aspera
562 1921 619 1976 aut
638 1905 722 1976 fessa
743 1905 834 1975 bellis
856 1909 957 1975 sint.»

290 2136 331 2192 14.
353 2131 436 2202 Neque
451 2150 505 2180 moe
520 2134 618 2200 ingenui
631 2133 752 2200 corporis,
797 2141 898 2181 menter
912 2129 1021 2182 allectus
1033 2141 1230 2193 commovet‚se
1240 2147 1301 2200 pro·

247 2221 296 2262 etc.
329 2210 356 2261 Si
380 2230 435 2262 moe
465 2211 585 2276 abesset,
607 2227 697 2262 sensus
724 2209 752 2260 in
796 2228 830 2280 pe
842 2207 999 2262 fortitudine
1019 2207 1148 2280 avando
1169 2221 1196 2262 et
1215 2208 1302 2261 Deciis

245 2303 387 2361 promptu:
398 2317 408 2338 ι
418 2290 510 2362 Neque
516 2290 596 2342 finem
603 2289 750 2348 honestius,
796 2301 822 2340 et
834 2289 950 2356 Curtiis,
965 2289 1025 2360 qui,
1040 2287 1227 2360 quodcumque
1241 2288 1301 2340 mati

245 2387 324 2440 quam
345 2389 395 2440 pro
417 2383 502 2422 vestra
524 2371 622 2433 salute,
645 2369 751 2440 ingenui
794 2369 895 2439 populo
917 2387 1027 2421 romano
1054 2369 1225 2434 immineret,
1249 2367 1301 2421 suls

244 2449 582 2520 corporisvitaeiecerim.·
596 2447 751 2512 Addense,
795 2448 924 2519 capitibus
948 2449 1100 2520 imprecati,
1122 2462 1200 2500 eerter
1222 2447 1300 2500 morti

245 2541 271 2582 et
284 2530 378 2600 supple
398 2525 492 2591 (utin
508 2530 568 2601 lug.
585 2529 707 2595 XLVII,
722 2547 749 2580 n.
794 2542 877 2581 semet
891 2529 1053 2581 obtulerunt.
1065 2527 1128 2581 vid.
1143 2529 1213 2580 Flor.
1229 2546 1254 2591 r,
1266 2534 1298 2589 τό

248 2620 312 2671 s,et
329 2609 355 2660 in
372 2609 445 2661 Orat.
463 2607 559 2680 Lepidi
574 2621 601 2660 et
616 2605 750 2680 Philippi)
794 2619 820 2660 et
840 2627 888 2678 17;
905 2609 963 2660 Liv.
979 2626 1037 2674 vu,
1050 2612 1084 2673 63
1098 2625 1165 2673 vrrs,
1178 2626 1213 2674 9,
1226 2620 1252 2659 et
1266 2625 1299 2670 x,

244 2687 317 2758 quod
333 2689 394 2758 styli
413 2689 542 2740 currentis
558 2685 682 2740 veloeitas
706 2707 751 2741 ex·
796 2689 842 2740 ae.
865 2719 905 2731 -
926 2689 962 2740 Et
981 2692 1061 2741 meris.
1078 2687 1158 2759 Vulg.
1182 2699 1207 2737 et
1221 2691 1297 2758 pacis.

243 2768 485 2832 uusiuhahebisee
497 2768 589 2838 Neque
598 2767 750 2831 honestius,
793 2767 845 2820 Sed
861 2767 968 2821 Curtius
982 2781 1009 2820 et
1025 2767 1118 2821 Carrio
1139 2779 1299 2820 monuerunt

244 2863 323 2917 quam
335 2865 385 2918 pro
399 2859 486 2898 vestra
500 2847 583 2900 salute
594 2847 752 2910 linem,uti·
793 2861 893 2901 veteres
916 2866 1007 2901 omnes
1028 2847 1110 2900 libros
1134 2847 1250 2910 habere,
1273 2859 1298 2899 et

243 2945 361 2996 quernos
370 2927 520 2992 firciendum,
534 2927 642 2998 ingenui
656 2946 750 2998 eorpo-
794 2926 963 2998 naris,·qu0d
972 2939 1043 2980 oerte
1054 2927 1138 2980 multo
1149 2926 1236 2997 aptius
1245 2939 1296 2990 αῖς

243 3006 280 3058 ris
300 3006 361 3058 vite
382 3006 498 3058 fecerim.
520 3033 530 3054 ι
557 3004 643 3060 idest
665 3024 671 3057 :
695 3006 750 3060 Nec
793 3025 875 3078 quum
886 3007 1224 3078 presertimexintemluso
1232 3007 1296 3060 mari

241 3085 315 3147 vitre,
336 3105 397 3138 mox
412 3085 591 3157 relinquenda
603 3125 611 3151 ,
624 3086 686 3139 linis
700 3087 750 3139 ho·
793 3100 864 3140 tanta
880 3087 1005 3140 humenti
1017 3087 1127 3158 penuria
1142 3085 1267 3140 oriretur.

242 3166 343 3218 nestior
357 3166 471 3238 ingenuo
484 3167 543 3220 viro
556 3167 621 3220 mihi
634 3185 688 3220 esse
704 3187 751 3236 po·
837 3171 881 3220 16.
894 3169 1012 3227 Parvos,
1030 3168 1153 3235 Quirites.
1168 3179 1219 3219 ete.
1236 3166 1297 3218 Pre-

243 3257 312 3309 ωε,
336 3265 416 3318 quam
435 3247 456 3298 si
478 3266 528 3318 pro
557 3260 642 3300 vestra
657 3247 750 3300 salute
793 3247 1201 3317 oureus,Quirites‚etpervos
1213 3245 1297 3316 ipsos,

242 3327 501 3397 morian-Ingenuum
516 3347 600 3399 corpus
619 3327 684 3379 due
699 3347 749 3398 pro
793 3339 819 3378 et
831 3347 879 3398 per
894 3326 1004 3398 glorium
1026 3328 1164 3398 majorum.
1186 3325 1298 3378 linere.

241 3407 326 3459 libero
339 3420 366 3460 et
382 3427 524 3479 generos03
538 3423 566 3462 ut
583 3405 661 3460 ovid.
685 3407 748 3461 Her.
792 3407 899 3458 Per-oss
913 3411 995 3476 igitur.
1010 3407 1176 3468 Curtius,ex
1191 3405 1298 3476 optimis

242 3506 278 3551 v,
296 3494 349 3550 144
362 3505 369 3539 :
791 3486 882 3551 libris,
898 3485 968 3540 delet
984 3490 1066 3555 igitur.
1082 3517 1123 3529 -
1136 3485 1219 3537 Mults
1241 3503 1298 3538 eum

241 3573 334 3625 Turpiter
344 3574 449 3624 ingenuum
461 3587 541 3613 munere
551 3587 622 3626 eorpus
631 3584 703 3612 uniunt.
791 3587 880 3619 sumno
891 3570 987 3637 ἱπφενὶο
999 3571 1066 3619 inest.
1075 3565 1140 3618 Non
1150 3565 1208 3617 elne
1217 3564 1298 3617 multa

241 3645 283 3698 Sic
300 3657 386 3698 autem
410 3648 560 3718 scripsimus
580 3667 611 3700 es
636 3649 747 3711 Consum
792 3665 854 3700 cusa
881 3660 907 3699 et
928 3647 1049 3699 maximis
1067 3645 1201 3698 laboribus
1223 3643 1297 3696 vobis

239 3735 300 3778 nam
324 3726 391 3779 Huv.
414 3727 494 3779 habet
514 3731 616 3793 ingenuo
641 3729 747 3798 corpori
792 3725 883 3780 datum
896 3741 935 3780 est
948 3727 1215 3779 universoterrerum
1239 3724 1297 3776 orbi

240 3800 291 3868 (ita
303 3806 521 3877 utgenitiv.,n0n
531 3804 748 3872 dativ.siteitae);
792 3807 929 3878 imperare.
947 3807 999 3859 Pro
1019 3805 1098 3859 tantis
1113 3806 1166 3858 suis
1180 3803 1296 3856 muneri·

238 3897 264 3937 et
284 3885 368 3951 MSS,
383 3887 457 3939 nullo
472 3905 567 3951 sensu,
587 3887 683 3955 ingenio
694 3904 748 3937 eor·
792 3887 841 3939 hus
849 3888 964 3958 pretinm
972 3883 1079 3957 aliquod
1086 3896 1207 3956 repetere
1214 3884 1296 3936 loetu-

236 3969 310 4034 poris.
792 3985 851 4019 nem
864 3985 967 4037 equum
976 3980 1022 4018 est.
1030 3997 1070 4010 -
1079 3965 1183 4035 Aspera.
1192 3965 1294 4018 intesta.

283 4045 326 4098 15.
350 4045 431 4099 Voveo
453 4046 559 4118 dedoque
587 4065 631 4098 me.
658 4045 747 4100 Vehe·
831 4045 1020 4100 liacontione
1030 4043 1294 4117 placatisuntsnimi.
