2950 4648
272 353 345 442 aaa
587 359 658 426 ιι)
685 359 724 428 c.
753 359 1016 450 casinen

190 551 192 558 .
271 490 392 584 magis,
413 512 511 582 quam
534 488 622 560 bona
642 490 776 560 consilia
792 516 952 586 prospere
973 492 1150 560 eveniunt:
1173 492 1251 584 quia
1269 489 1337 586 ple·

271 619 390 689 rasque
412 619 464 664 res
487 595 618 665 fortuna
643 623 683 666 ex
705 596 848 667 lubidine
872 622 931 666 sua
948 599 1058 693 agitat.
1079 596 1142 667 Sed
1164 597 1244 666 mihi
1264 612 1333 666 stu-

270 700 359 770 dium
385 701 447 770 luit
468 700 732 772 adolescentulo¹
761 703 997 798 rempublicam
1026 727 1212 798 capessere;
1233 717 1333 797 atque

271 808 305 875 in
325 831 362 875 ea
375 809 601 902 cognoscenda
614 809 752 880 multam
762 835 982 905 magnamque
997 835 1109 878 curam
1125 810 1245 879 habui:
1264 835 1332 878 non

272 915 333 997 ita,
362 915 410 982 uti
433 917 658 1010 magistratum
681 917 781 986 modo
805 941 976 1012 caperem,
1001 941 1098 1010 quem
1121 914 1216 984 multi
1238 913 1332 984 malis

271 1021 396 1088 artibus
423 1020 531 1116 adepti
556 1037 667 1110 erant;
692 1023 747 1091 sed
770 1024 889 1111 etiam,
911 1025 960 1092 uti
981 1021 1217 1118 rempublicam
1241 1021 1330 1090 domi

273 1125 477 1220 militiaeque,
506 1144 730 1223 quantumque
753 1131 867 1217 armis,
890 1131 986 1218 viris,
1008 1128 1177 1224 opulentia
1195 1142 1330 1222 posset,

270 1235 437 1330 cognitam
459 1234 625 1303 haberem.
654 1239 769 1329 Itaque
795 1236 875 1304 mihi
895 1235 998 1304 multa
1026 1261 1102 1304 cum
1127 1236 1237 1302 animo
1261 1235 1329 1328 agi-

270 1341 352 1408 tanti
375 1339 546 1410 consilium
573 1341 653 1428 linit,
682 1342 803 1412 samam
831 1341 1089 1436 modestiamque
1110 1365 1219 1411 meam
1252 1355 1330 1434 post

270 1539 353 1601 sumi,
368 1557 447 1610 quam
462 1538 518 1591 hac
531 1538 587 1610 ipsa
602 1551 679 1604 sunt,
699 1551 724 1591 et
739 1540 775 1592 al·
820 1539 870 1592 sibi
885 1540 920 1592 ob
933 1539 1022 1592 oculos
1035 1538 1168 1610 posuisse,
1185 1550 1216 1590 ut
1225 1536 1259 1590 de
1271 1539 1328 1591 Ca·

269 1631 324 1670 tera
344 1618 389 1670 illa
403 1636 461 1688 quaa
478 1617 512 1670 de
533 1618 695 1670 Sallustianis
710 1637 776 1672 nau·
819 1620 917 1672 sariset
928 1619 1031 1690 imperii
1039 1619 1118 1670 rebus
1128 1630 1180 1670 tam
1191 1617 1327 1670 scitetarn·

271 1697 360 1768 fragiis
374 1698 475 1768 reliqua
490 1695 601 1750 deorum
615 1698 691 1750 nobis
701 1697 776 1750 beni·
819 1717 870 1770 que
877 1699 995 1770 apposite
1004 1697 1164 1750 disseruerit.
1175 1697 1261 1750 Multa
1267 1711 1327 1750 sunt

270 1778 355 1848 gnitas
368 1777 458 1830 fecit.»
478 1775 557 1842 Quod
568 1775 776 1848 quidemrerunr
819 1771 1325 1850 lbbislitteris,qnaenonnisiascrip-

271 1875 341 1920 esse,
356 1875 435 1908 nemo
450 1869 490 1909 est
501 1857 579 1928 quin,
595 1857 717 1928 perlectis
732 1858 776 1910 lit·
821 1871 892 1924 tore,
903 1859 950 1929 qui
964 1859 1042 1910 rebus
1053 1870 1079 1910 et
1090 1857 1227 1910 eventibus
1243 1858 1324 1910 inter·

270 1937 347 2000 teria,
361 1954 434 2008 eque
443 1955 472 1989 ac
481 1939 572 1990 Douza
580 1937 717 2008 intelligat.
729 1939 776 1989 Af·
820 1939 1001 2004 luerit,acribi
1012 1938 1128 2008 potuisse
1141 1935 1206 1988 mibi
1217 1935 1324 2008 quidem

269 2017 357 2070 firmat
376 2017 454 2069 etiam
469 2017 509 2068 De
521 2017 635 2079 Bmsses,·
657 2036 706 2070 nec
718 2035 775 2069 rem
818 2017 955 2084 videntum
984 2017 1082 2084 multa,
1104 2035 1163 2088 qua
1177 2016 1205 2068 ni
1221 2018 1324 2088 scripsit

269 2097 297 2149 in
312 2097 508 2150 contentionem
523 2109 619 2150 vocant
633 2097 693 2162 alii,
709 2115 775 2168 quoa
819 2097 927 2169 Crispus
945 2109 1034 2150 noster
1052 2097 1203 2160 Sallustius,
1219 2115 1321 2150 neeesse

270 2175 397 2240 diximus,
413 2177 498 2248 gallici
513 2177 676 2248 interpretes.
700 2176 774 2228 Non·
817 2197 885 2248 pene
896 2176 1008 2230 dixerim
1019 2175 1085 2228 duos
1096 2176 1321 2229 exstitisseSallus·

270 2257 335 2309 nulli
350 2255 484 2322 dubitant,
505 2256 651 2328 interquos
667 2255 774 2322 Carrio;
818 2257 877 2310 tios.
902 2255 944 2309 Ad
970 2257 1213 2328 interpretationem
1242 2255 1321 2326 igitur

269 2337 343 2408 isque
356 2337 461 2389 unicam
471 2335 611 2389 dubitandi
624 2355 726 2389 causam
739 2337 773 2388 al·
816 2349 942 2408 tanquam
956 2337 1012 2390 veri
1027 2349 1054 2390 et
1068 2335 1140 2390 unici
1152 2335 1267 2388 Sallustii
1280 2353 1321 2389 aa·

269 2417 336 2480 fert,
350 2418 424 2488 cujus
433 2414 541 2488 quidem
549 2415 774 2470 vimdissimulare
816 2416 891 2470 cedo.
1198 2423 1205 2438 '

270 2497 335 2548 mibi
351 2515 405 2548 ιιοιι
422 2509 460 2548 est
477 2497 579 2549 animus
599 2515 605 2549 :
627 2497 724 2549 scilicet
742 2515 773 2548 ex
856 2498 920 2550 Cae.
941 2499 963 2550 Ι.
996 2494 1320 2560 1.S!udiumsuitadoles-

268 2575 310 2627 bis
322 2576 438 2646 epistolis
451 2575 517 2627 nihil
528 2576 723 2648 agrammaticis
733 2595 775 2627 ve·
815 2579 916 2629 centulo.
928 2577 989 2630 Hac
997 2588 1146 2648 congruunt
1153 2593 1214 2629 cum
1222 2573 1254 2627 iis
1263 2591 1321 2644 quar

269 2655 368 2706 teribus
379 2651 492 2716 adduci,
509 2655 554 2725 qui
567 2668 653 2707 tamen
668 2657 695 2707 in
709 2655 772 2708 affe·
816 2656 871 2727 ipse
882 2655 947 2710 dicit
963 2657 990 2708 in
1005 2655 1082 2709 Catil.
1097 2655 1153 2718 111,
1167 2673 1194 2706 n.
1213 2656 1239 2706 8.
1263 2652 1320 2705 Hoc

268 2731 357 2786 rendis
366 2733 480 2786 Sallustii
488 2735 771 2805 exemplismnltiaunt.
815 2755 897 2788 unum
910 2735 996 2798 addit,
1007 2755 1034 2788 se
1044 2753 1097 2787 non
1109 2733 1169 2786 ideo
1177 2746 1281 2785 tantum
1287 2731 1319 2784 ad

268 2811 420 2884 Respondet
432 2815 471 2864 De
484 2813 582 2864 Brosses
600 2815 646 2865 has
664 2816 772 2868 fortasse
814 2817 1001 2888 rempublicam
1013 2815 1320 2884 accessisse,ntcapesse·

267 2909 362 2964 parurn
379 2905 454 2944 notas
469 2891 547 2945 luisse
560 2934 567 2955 ,
581 2905 673 2965 utpote
687 2896 772 2947 amico
814 2907 854 2947 ret
869 2895 1046 2968 magistratus,
1060 2893 1106 2948 sed
1121 2895 1199 2946 etiarn
1213 2906 1243 2946 ut
1254 2893 1319 2944 ciri·

268 2973 392 3042 scriptas,
401 2990 455 3022 non
468 2989 498 3022 ea
509 2985 597 3024 mente
607 2985 636 3025 ut
648 2974 675 3025 in
687 2974 773 3044 publi·
815 2975 874 3027 tatis
889 2995 952 3047 opes
965 2985 1149 3047 pernosceret,
1171 2973 1318 3027 scientiam·

267 3069 328 3104 curn
352 3049 500 3103 ederentur.
529 3051 653 3105 Ceterum
679 3071 722 3105 eaa
743 3055 771 3106 in
813 3052 1318 3127 quepoliticam,experientiamagistra,

267 3129 357 3183 codice
369 3130 497 3182 Vaticano
507 3132 622 3190 invenit,
639 3151 699 3186 curn
712 3151 771 3186 ora·
813 3132 951 3201 edisceret3
967 3133 1038 3188 unde
1045 3133 1158 3186 eflicitur
1169 3169 1176 3194 ,
1194 3145 1223 3186 ut
1235 3131 1319 3185 consi·

267 3211 384 3263 tionibus
408 3223 434 3262 et
454 3211 588 3282 epistolis,
619 3231 677 3284 quaa
702 3213 771 3266 inter
813 3213 879 3266 lium
894 3215 988 3268 Caesari
1000 3213 1063 3267 dare
1072 3213 1164 3285 possit.
1176 3213 1317 3275 Praeterea,

267 3291 769 3364 Fragmentasunt,PomponlusLaetus,
813 3305 843 3346 ut
853 3311 914 3345 mox
923 3294 1073 3366 profitetur,
1082 3293 1275 3364 qualecumque
1284 3289 1317 3342 de

266 3389 316 3425 nec
328 3371 405 3423 editis
419 3371 578 3444 prescripsit
591 3371 705 3426 Sallustii
720 3391 769 3424 no·
812 3391 843 3426 eo
862 3373 972 3426 consilio
987 3373 1074 3428 Cacsar
1090 3371 1220 3444 judicium
1236 3372 1315 3434 lerat,

265 3471 337 3506 rnen.
359 3447 410 3502 Sed
424 3469 518 3522 parurn
533 3451 609 3517 inde,
630 3453 657 3505 in
674 3465 770 3505 utram-
812 3454 966 3525 opinionem
973 3451 1316 3526 ingeniinrodestiarquesua

266 3531 449 3602 libetpartem,
465 3533 621 3602 argumenti.
630 3533 770 3585 Memorat
811 3533 839 3584 in
852 3531 993 3586 discrimen
1006 3532 1136 3586 adducere
1145 3549 1198 3584 non
1209 3531 1315 3595 abnuit,

265 3625 295 3664 ut
305 3610 472 3663 eaaSalluatio
483 3610 643 3674 adscribam,
653 3613 769 3684 primurn
811 3611 957 3666 dummodo
966 3613 1086 3686 dignitati
1095 3625 1121 3664 et
1133 3611 1223 3682 gloriar
1232 3610 1315 3662 Casa·

265 3687 371 3744 dicendi
385 3691 454 3742 ratio
465 3709 527 3742 vere
544 3691 711 3753 Sallustiana,
726 3691 771 3749 de·
811 3693 848 3746 ris
861 3711 912 3766 pro
924 3695 995 3746 virili
1007 3707 1082 3765 parte
1094 3691 1221 3744 consulat.
1236 3687 1313 3760 Atqui

265 3770 327 3823 inde
340 3787 457 3828 summa,
480 3787 537 3840 qun
554 3770 580 3821 in
603 3771 634 3823 iis
656 3771 767 3838 eminet,
811 3771 962 3838 Sallustius,
974 3771 1039 3828 dum
1049 3773 1105 3825 baec
1117 3771 1258 3832 scriberet,
1275 3788 1314 3821 se·

263 3851 302 3902 rei
325 3850 438 3920 politicas
458 3849 573 3901 scientia.
604 3851 638 3903 Et
659 3850 769 3905 difficile
810 3853 912 3905 natoria
921 3851 1104 3926 dignitate‚ab
1112 3851 1197 3924 Appio
1208 3867 1313 3903 censore

164 3923 166 3930 ’
206 3943 209 3957 ·
264 3927 371 3998 quidem
391 3928 505 3980 arbitror
518 3927 768 3984 Pseudosallustium
810 3943 930 3996 notatus,
944 3935 1067 3990 carebat:
1083 3934 1157 4002 cnjus
1172 3949 1221 4002 per
1230 3931 1312 3983 cesa·

262 4007 375 4080 aliquem
386 4021 508 4080 tempora
519 4007 620 4063 dudum
634 4011 718 4081 elapsa
732 4011 766 4064 ita
810 4031 866 4064 rem
886 4011 1071 4086 recuperandae
1089 4007 1243 4082 cupidinem
1256 4007 1313 4082 qula
