2938 4654
250 392 322 462 272
486 365 524 432 C.
553 365 739 432 CRISPI
768 367 1068 435 SALLUSTII

247 524 360 596 regem
375 500 513 582 Persen,
527 511 619 591 post,
634 497 682 564 uti
700 498 836 590 quisque
852 496 1131 592 opulentissumus
1144 499 1309 584 videatur,

247 608 294 676 ita
311 605 470 673 Romanis
484 604 613 672 hostem
633 602 713 671 fore.
733 605 792 672 His
810 618 908 697 atque
926 603 996 673 aliis
1014 603 1134 672 talibus
1154 604 1250 674 dictis
1269 607 1311 673 ad

246 715 375 783 Cirtam
396 709 556 806 oppidum
575 710 637 778 iter
655 711 876 796 constituunt,
889 710 979 804 quod
997 711 1043 780 ibi
1062 710 1216 780 Metellus
1233 737 1311 806 prae

247 817 325 888 dam
345 821 558 913 captivosque
577 831 611 885 et
629 817 863 913 impedimenta
882 816 1067 886 locaverat:
1087 820 1131 888 ita
1146 821 1165 886 J
1168 818 1309 913 ugurtha

248 939 356 1014 ratus,
372 940 443 1012 aut,
466 938 562 1018 capta
584 923 685 1010 urbe,
706 947 814 1018 opera.
837 926 979 1017 pretium
999 909 1105 1011 fore³;
1122 939 1180 992 aut
1201 926 1227 993 si
1243 927 1309 993 Ro·

248 1057 365 1100 manus
387 1030 508 1101 auxilio
525 1033 591 1100 suis
610 1035 771 1117 venisset,
789 1029 900 1124 praelio
925 1054 994 1098 sese
1016 1045 1207 1100 certaturos.
1223 1033 1310 1100 Nam

248 1136 384 1207 callidus
399 1138 432 1206 id
448 1137 548 1207 modo
566 1137 757 1220 festinabat,
772 1137 896 1205 Bocchi
911 1160 1025 1231 pacem
1041 1139 1255 1224 imminuere,
1269 1161 1311 1205 ne

248 1269 358 1314 moras
379 1245 534 1339 agitando
554 1242 659 1330 aliud,
677 1268 777 1338 quam
797 1241 937 1331 bellum,
956 1241 1077 1310 mallet.

302 1353 475 1420 LXXXII.
503 1354 707 1444 Imperator,
729 1364 904 1443 postquam
938 1347 979 1416 de
1009 1373 1126 1444 regum
1155 1350 1311 1418 socictate

247 1460 425 1552 cognovit,
444 1482 512 1526 non
530 1471 653 1525 temere
673 1480 795 1550 neque,
818 1457 865 1523 uti
884 1480 968 1549 saepe
986 1455 1053 1548 jam
1077 1455 1165 1524 victo
1185 1459 1310 1550 Jugur-

248 1563 304 1632 tha
329 1577 564 1649 consueverat,
586 1563 738 1630 omnibus
767 1561 846 1630 locis
869 1561 1038 1655 pugnandi
1064 1563 1204 1656 copiam·
1222 1561 1309 1631 facit.

248 1671 404 1738 Ceterum
430 1669 520 1738 haud
551 1667 666 1762 procul
698 1667 740 1735 ab
768 1669 878 1754 Cirta,
904 1669 1019 1736 castris
1045 1669 1196 1754 munitis,
1218 1693 1312 1762 reges

247 1777 439 1870 opperitur;
465 1774 582 1844 melius
609 1773 732 1860 ratus¹,
752 1775 893 1869 cognitis
924 1775 1071 1860 MauriS,
1100 1775 1256 1868 quoniam
1284 1779 1311 1845 is

247 1907 353 1952 novus
381 1882 486 1951 hostis
513 1896 711 1969 accesserat,
738 1906 778 1948 cx
809 1880 986 1950 commodo
1015 1903 1160 1975 pugnam
1192 1881 1309 1950 facere.

246 1991 383 2072 Interim
402 1991 510 2072 Roma
531 2013 591 2083 per
611 1987 720 2056 literas
742 1989 862 2056 certior
880 1986 939 2072 fit,
960 1989 1166 2081 provinciam
1188 1990 1311 2057 Numi-

246 2095 347 2162 diam.
363 2097 472 2164 Mario
500 2096 628 2181 datam;
655 2119 731 2162 nam
762 2093 931 2164 consulem
964 2092 1089 2162 factum
1117 2095 1185 2186 jam
1215 2110 1311 2162 antea

246 2217 426 2295 acceperat.
455 2203 538 2290 Quis
570 2201 668 2270 rebus
695 2225 796 2294 supra
827 2199 952 2269 bonum
984 2214 1082 2293 atque
1112 2197 1309 2268 honestum²

245 2307 436 2402 perculsus,
455 2333 562 2402 neque
588 2307 751 2376 lacrumas
778 2322 911 2393 tencre,
932 2331 1040 2400 neque
1063 2305 1229 2374 moderari
1250 2305 1309 2374 lin-

245 2439 366 2508 guam:
387 2415 438 2482 vir
455 2415 607 2508 egregius
626 2417 660 2482 in
678 2412 748 2482 aliis
770 2414 913 2500 artibus,
932 2415 1030 2482 nimis
1051 2411 1194 2481 molliter
1212 2414 1309 2508 aegri·

243 2605 365 2676 populis,
377 2604 482 2674 regibus
495 2603 613 2667 cunctis,
625 2621 679 2655 una
690 2613 716 2654 et
727 2620 757 2654 ea
800 2602 828 2653 st
844 2603 935 2654 urbem
952 2603 1086 2674 ceperint,
1103 2602 1132 2654 id
1150 2603 1237 2674 ipsum
1254 2605 1311 2656 sore

243 2696 319 2737 vetars
340 2701 428 2736 caussa
448 2681 564 2736 bellandi
587 2695 641 2747 est,
657 2680 756 2752 cupido
799 2679 909 2751 dignum
930 2682 1053 2752 impensa
1076 2701 1162 2752 opera·
1185 2684 1309 2753 pretium.

243 2761 378 2832 profunda
404 2763 509 2833 imperii
532 2774 559 2813 et
584 2759 756 2826 divitiarum,
800 2761 936 2812 —Bocclo'
941 2781 1023 2832 pacem
1034 2767 1177 2815 imminuere.
1185 2761 1217 2814 Id
1226 2781 1310 2815 unum

244 2859 297 2912 qua
308 2843 495 2912 primumcum
508 2857 568 2911 rege
578 2839 756 2893 Macedonum
800 2840 952 2905 festinabat,
968 2853 998 2892 ut
1015 2861 1066 2913 pax
1085 2842 1220 2895 Bocchum
1240 2843 1309 2896 inter

244 2920 370 2992 Philippo
383 2920 483 2972 bellum
496 2937 644 2982 sumsere.‚=·
658 2933 684 2972 et
697 2937 756 2990 quaa
798 2931 825 2972 et
840 2921 973 2973 Romanos
992 2933 1176 2992 rumperetur,
1194 2941 1243 2975 nec
1255 2925 1309 2995 jam

244 2998 756 3072 sequuntur,praecipuehaec:‹0mnia·
799 3001 838 3052 illi
867 3001 1000 3072 integrum
1026 3002 1096 3053 foret
1120 3003 1149 3054 in
1171 3001 1310 3073 Iugurthae

244 3097 296 3151 que
307 3099 362 3132 non
379 3098 468 3148 serva,
482 3091 508 3132 et
523 3095 646 3131 maxume
658 3097 755 3151 regna,
798 3097 904 3132 causam
919 3099 973 3133 non
989 3079 1156 3134 descendere.

244 3159 350 3212 hostilia
372 3157 478 3213 ducant.
496 3185 507 3206 ι
527 3191 567 3200 -
587 3159 755 3226 Opulentirau·
828 3153 1308 3224 Car.LXXXlI.t.Melr'ruranas,ete.

245 3259 303 3292 mus.
325 3239 383 3294 Hoc
401 3259 455 3293 non
479 3237 633 3292 addititias
653 3239 754 3306 solum,
798 3239 894 3292 Melius
913 3241 1063 3293 existimans
1077 3253 1232 3313 opportuno
1250 3243 1308 3296 loco

244 3319 290 3373 sed
303 3319 336 3372 ad
347 3322 492 3393 potentiam
502 3320 596 3372 referri
607 3315 694 3373 debet.
706 3319 757 3373 Mi·
798 3331 824 3372 et
831 3331 952 3391 tempore
959 3337 1074 3392 pugnam
1082 3323 1169 3374 lacere
1177 3362 1184 3387 ,
1192 3335 1309 3376 necante

243 3399 354 3454 thridat.
365 3402 393 3453 in
404 3400 495 3454 eadem
507 3400 631 3472 epistola:
642 3399 753 3466 «Nunc,
798 3399 883 3452 lacere
895 3417 975 3470 quam
985 3402 1148 3472 cognovisset
1156 3403 1246 3473 quales
1256 3404 1309 3455 sint

243 3499 347 3552 queso,
358 3481 511 3546 considera,
520 3482 597 3534 nobis
608 3482 753 3551 oppressis,
797 3479 903 3543 Mauri,
916 3499 1001 3534 novus
1013 3493 1038 3533 et
1051 3480 1173 3534 nondum
1188 3483 1309 3553 cognitus

243 3572 335 3612 utrum
357 3561 501 3614 firmiorem
527 3573 553 3612 tc
574 3559 608 3613 ad
632 3561 754 3613 resisten·
797 3559 889 3612 hostis.

243 3638 325 3704 dum,
339 3658 372 3692 an
391 3639 472 3694 finem
490 3641 552 3692 belli
569 3640 689 3692 futurum
703 3657 754 3710 pu·
840 3659 866 3693 a.
885 3640 965 3710 Supra
978 3639 1069 3714 ‘bonam
1090 3653 1162 3712 atquae
1180 3643 1308 3695 honesturn.

135 3766 140 3773 .
243 3719 369 3772 tes?Scio
379 3719 503 3792 equidem
517 3719 566 3776 tibi
577 3737 682 3790 magnas
690 3737 754 3791 opes
796 3719 881 3791 Magis
902 3735 982 3792 qaam
1005 3719 1105 3772 bonum
1124 3733 1206 3792 atque
1225 3722 1309 3774 hone·

243 3801 381 3863 virorum,
403 3815 539 3852 armorum
558 3811 584 3851 et
606 3799 663 3851 auri
684 3817 753 3864 ease;
797 3811 883 3864 stum,
896 3801 915 3852 i.
930 3819 954 3854 e.
966 3800 1091 3852 decorum
1104 3813 1168 3854 erat.
1180 3833 1221 3843 -
1231 3802 1309 3854 Nimis

245 3891 271 3930 et
284 3897 315 3931 ea
330 3898 384 3932 rea
398 3879 475 3932 uobis
488 3877 522 3931 ad
536 3879 704 3943 societatem,
719 3881 752 3932 ab
797 3881 906 3933 molliter.
917 3881 1028 3952 Elegans
1041 3879 1186 3934 admodum
1198 3882 1309 3935 transla-

244 3957 296 4012 illis
310 3957 342 4012 ad
357 3957 475 4031 prodam
486 3959 591 4030 peteris.
604 3985 615 4004 ι
797 3959 843 4012 tio.
858 3959 884 4013 Ia
892 3977 988 4031 nempe
997 3961 1115 4013 molliter
1124 3960 1309 4032 egritudinem

286 4039 311 4093 3.
325 4039 403 4110 Capta
413 4040 483 4103 urba,
495 4055 572 4113 opem
579 4039 751 4110 pretiamfhre.
796 4041 912 4110 patitur,
921 4043 995 4111 cujus
1007 4041 1122 4094 animum
1135 4041 1208 4094 velut
1217 4041 1309 4094 mollem
