<?xml version="1.0" encoding="UTF-8"?>
<!DOCTYPE html PUBLIC "-//W3C//DTD XHTML 1.0 Transitional//EN"
    "http://www.w3.org/TR/xhtml1/DTD/xhtml1-transitional.dtd">
<html xmlns="http://www.w3.org/1999/xhtml" xml:lang="en" lang="en">
 <head>
  <title>
</title>
<meta http-equiv="Content-Type" content="text/html;charset=utf-8" />
  <meta name='ocr-system' content='tesseract 3.04.00' />
  <meta name='ocr-capabilities' content='ocr_page ocr_carea ocr_par ocr_line ocrx_word'/>
</head>
<body>
  <div class='ocr_page' id='page_1' title='image "./caiuscrispussal01sallgoog_0583.png"; bbox 0 0 2942 4662; ppageno 0'>
   <div class='ocr_carea' id='block_1_1' title="bbox 558 341 1256 420">
    <p class='ocr_par' dir='ltr' id='par_1_1' title="bbox 558 341 1256 420">
     <span class='ocr_line' id='line_1_1' title="bbox 558 341 1256 420; baseline 0.01 -8"><span class='ocrx_word' id='word_1_1' title='bbox 558 345 885 414; x_wconf 89' lang='lat' dir='ltr'>OPUSCULUM.</span> <span class='ocrx_word' id='word_1_2' title='bbox 1182 341 1256 420; x_wconf 82' lang='lat'>515</span> 
     </span>
    </p>
   </div>
   <div class='ocr_carea' id='block_1_2' title="bbox 191 461 1260 786">
    <p class='ocr_par' dir='ltr' id='par_1_2' title="bbox 191 461 1260 786">
     <span class='ocr_line' id='line_1_2' title="bbox 191 461 1259 573; baseline -0.002 -22"><span class='ocrx_word' id='word_1_3' title='bbox 191 479 316 552; x_wconf 89' lang='lat' dir='ltr'>blicum</span> <span class='ocrx_word' id='word_1_4' title='bbox 329 491 442 573; x_wconf 68' lang='lat' dir='ltr'>aperte</span> <span class='ocrx_word' id='word_1_5' title='bbox 454 474 623 571; x_wconf 77' lang='lat' dir='ltr'>professus</span> <span class='ocrx_word' id='word_1_6' title='bbox 632 461 710 545; x_wconf 84' lang='lat' dir='ltr'>est³.</span> <span class='ocrx_word' id='word_1_7' title='bbox 721 475 773 546; x_wconf 85' lang='lat' dir='ltr'>Ad</span> <span class='ocrx_word' id='word_1_8' title='bbox 784 501 881 572; x_wconf 87' lang='lat' dir='ltr'>quem</span> <span class='ocrx_word' id='word_1_9' title='bbox 896 475 1152 573; x_wconf 82' lang='lat' dir='ltr'>expugnandum</span> <span class='ocrx_word' id='word_1_10' title='bbox 1168 479 1259 549; x_wconf 88' lang='lat' dir='ltr'>missi</span> 
     </span>
     <span class='ocr_line' id='line_1_3' title="bbox 191 581 1259 705; baseline -0.003 -46"><span class='ocrx_word' id='word_1_11' title='bbox 191 601 271 660; x_wconf 80' lang='lat' dir='ltr'>sunt</span> <span class='ocrx_word' id='word_1_12' title='bbox 287 581 442 655; x_wconf 84' lang='lat' dir='ltr'>Metellus</span> <span class='ocrx_word' id='word_1_13' title='bbox 460 597 559 677; x_wconf 75' lang='lat' dir='ltr'>arque</span> <span class='ocrx_word' id='word_1_14' title='bbox 577 584 778 678; x_wconf 90' lang='lat' dir='ltr'>Pompeius;</span> <span class='ocrx_word' id='word_1_15' title='bbox 800 586 856 678; x_wconf 89' lang='lat' dir='ltr'>qui</span> <span class='ocrx_word' id='word_1_16' title='bbox 879 608 955 653; x_wconf 84' lang='lat' dir='ltr'>eum</span> <span class='ocrx_word' id='word_1_17' title='bbox 976 583 1130 705; x_wconf 81' lang='lat' dir='ltr'>gravibus</span> <span class='ocrx_word' id='word_1_18' title='bbox 1160 600 1259 681; x_wconf 83' lang='lat' dir='ltr'>atque</span> 
     </span>
     <span class='ocr_line' id='line_1_4' title="bbox 191 689 1260 786; baseline -0.001 -22"><span class='ocrx_word' id='word_1_19' title='bbox 191 693 329 764; x_wconf 82' lang='lat' dir='ltr'>assiduis</span> <span class='ocrx_word' id='word_1_20' title='bbox 347 692 468 786; x_wconf 79' lang='lat' dir='ltr'>pugnis</span> <span class='ocrx_word' id='word_1_21' title='bbox 487 689 651 758; x_wconf 87' lang='lat' dir='ltr'>adflixere.</span> <span class='ocrx_word' id='word_1_22' title='bbox 673 690 741 779; x_wconf 92' lang='lat' dir='ltr'>Qui</span> <span class='ocrx_word' id='word_1_23' title='bbox 762 704 873 760; x_wconf 82' lang='lat' dir='ltr'>tamen</span> <span class='ocrx_word' id='word_1_24' title='bbox 894 689 1028 762; x_wconf 79' lang='lat' dir='ltr'>difficile</span> <span class='ocrx_word' id='word_1_25' title='bbox 1046 693 1260 783; x_wconf 83' lang='lat' dir='ltr'>vinceretur,</span> 
     </span>
    </p>
   </div>
   <div class='ocr_carea' id='block_1_3' title="bbox 190 797 1261 1217">
    <p class='ocr_par' dir='ltr' id='par_1_3' title="bbox 190 797 1261 1217">
     <span class='ocr_line' id='line_1_5' title="bbox 191 797 1260 895; baseline -0.001 -24"><span class='ocrx_word' id='word_1_26' title='bbox 191 803 255 871; x_wconf 89' lang='lat' dir='ltr'>nisi</span> <span class='ocrx_word' id='word_1_27' title='bbox 279 823 340 895; x_wconf 86' lang='lat' dir='ltr'>per</span> <span class='ocrx_word' id='word_1_28' title='bbox 361 798 646 893; x_wconf 83' lang='lat' dir='ltr'>conjurationem,</span> <span class='ocrx_word' id='word_1_29' title='bbox 671 797 705 864; x_wconf 90' lang='lat' dir='ltr'>in</span> <span class='ocrx_word' id='word_1_30' title='bbox 724 799 878 867; x_wconf 91' lang='lat' dir='ltr'>convivio</span> <span class='ocrx_word' id='word_1_31' title='bbox 897 823 916 866; x_wconf 84' lang='lat' dir='ltr'>a</span> <span class='ocrx_word' id='word_1_32' title='bbox 935 800 1002 868; x_wconf 88' lang='lat' dir='ltr'>suis</span> <span class='ocrx_word' id='word_1_33' title='bbox 1019 813 1104 868; x_wconf 80' lang='lat' dir='ltr'>esset</span> <span class='ocrx_word' id='word_1_34' title='bbox 1121 801 1260 870; x_wconf 85' lang='lat' dir='ltr'>occisus.</span> 
     </span>
     <span class='ocr_line' id='line_1_6' title="bbox 190 892 1261 1000; baseline -0.004 -22"><span class='ocrx_word' id='word_1_35' title='bbox 190 910 311 978; x_wconf 83' lang='lat' dir='ltr'>Postea</span> <span class='ocrx_word' id='word_1_36' title='bbox 330 905 507 998; x_wconf 88' lang='lat' dir='ltr'>Pompeius</span> <span class='ocrx_word' id='word_1_37' title='bbox 528 906 734 998; x_wconf 84' lang='lat' dir='ltr'><strong>Perpennam</strong></span> <span class='ocrx_word' id='word_1_38' title='bbox 757 904 910 1000; x_wconf 81' lang='lat' dir='ltr'>subegit3</span> <span class='ocrx_word' id='word_1_39' title='bbox 934 892 1162 988; x_wconf 73' lang='lat' dir='ltr'>Auxumam⁴‚</span> <span class='ocrx_word' id='word_1_40' title='bbox 1180 904 1261 976; x_wconf 91' lang='lat' dir='ltr'>Clu·</span> 
     </span>
     <span class='ocr_line' id='line_1_7' title="bbox 190 1009 1261 1108; baseline 0.001 -24"><span class='ocrx_word' id='word_1_41' title='bbox 190 1015 308 1101; x_wconf 89' lang='lat' dir='ltr'>nium,</span> <span class='ocrx_word' id='word_1_42' title='bbox 328 1010 536 1106; x_wconf 82' lang='lat' dir='ltr'>Calagurrim</span> <span class='ocrx_word' id='word_1_43' title='bbox 557 1012 706 1080; x_wconf 82' lang='lat' dir='ltr'>civitates</span> <span class='ocrx_word' id='word_1_44' title='bbox 727 1009 863 1101; x_wconf 84' lang='lat' dir='ltr'>delevit,</span> <span class='ocrx_word' id='word_1_45' title='bbox 883 1010 1057 1082; x_wconf 75' lang='lat' dir='ltr'>olfactis</span> <span class='ocrx_word' id='word_1_46' title='bbox 1048 1037 1083 1082; x_wconf 80' lang='lat' dir='ltr'>in</span> <span class='ocrx_word' id='word_1_47' title='bbox 1102 1015 1261 1108; x_wconf 79' lang='lat' dir='ltr'>Pyrenaeo</span> 
     </span>
     <span class='ocr_line' id='line_1_8' title="bbox 191 1121 777 1217; baseline -0.009 -26"><span class='ocrx_word' id='word_1_48' title='bbox 191 1121 344 1217; x_wconf 83' lang='lat' dir='ltr'>tropaeis,</span> <span class='ocrx_word' id='word_1_49' title='bbox 362 1121 505 1188; x_wconf 85' lang='lat' dir='ltr'>Romam</span> <span class='ocrx_word' id='word_1_50' title='bbox 527 1141 698 1212; x_wconf 85' lang='lat' dir='ltr'>regressus</span> <span class='ocrx_word' id='word_1_51' title='bbox 718 1131 777 1187; x_wconf 84' lang='lat' dir='ltr'>est.</span> 
     </span>
    </p>
   </div>
   <div class='ocr_carea' id='block_1_4' title="bbox 157 1315 1261 1873">
    <p class='ocr_par' dir='ltr' id='par_1_4' title="bbox 190 1315 1261 1472">
     <span class='ocr_line' id='line_1_9' title="bbox 190 1315 1260 1396; baseline -0.006 -21"><span class='ocrx_word' id='word_1_52' title='bbox 190 1332 298 1396; x_wconf 78' lang='lat' dir='ltr'>pateat,</span> <span class='ocrx_word' id='word_1_53' title='bbox 313 1319 381 1373; x_wconf 85' lang='lat' dir='ltr'>nihil</span> <span class='ocrx_word' id='word_1_54' title='bbox 396 1315 556 1372; x_wconf 77' lang='lat' dir='ltr'>mutandum</span> <span class='ocrx_word' id='word_1_55' title='bbox 577 1317 702 1372; x_wconf 85' lang='lat' dir='ltr'>arbitror.</span> <span class='ocrx_word' id='word_1_56' title='bbox 749 1316 795 1370; x_wconf 89' lang='lat' dir='ltr'>ubi</span> <span class='ocrx_word' id='word_1_57' title='bbox 810 1315 910 1388; x_wconf 72' lang='lat' dir='ltr'>vulgati</span> <span class='ocrx_word' id='word_1_58' title='bbox 932 1315 1071 1371; x_wconf 73' lang='lat' dir='ltr'>Auriniam.</span> <span class='ocrx_word' id='word_1_59' title='bbox 1091 1315 1144 1372; x_wconf 87' lang='lat' dir='ltr'>Sed</span> <span class='ocrx_word' id='word_1_60' title='bbox 1166 1334 1260 1374; x_wconf 81' lang='lat' dir='ltr'>rerum</span> 
     </span>
     <span class='ocr_line' id='line_1_10' title="bbox 233 1396 1261 1472; baseline 0 -18"><span class='ocrx_word' id='word_1_61' title='bbox 233 1402 258 1456; x_wconf 82' lang='lat'>3.</span> <span class='ocrx_word' id='word_1_62' title='bbox 281 1401 373 1472; x_wconf 77' lang='lat' dir='ltr'>Aperte</span> <span class='ocrx_word' id='word_1_63' title='bbox 388 1401 510 1470; x_wconf 69' lang='lat' dir='ltr'>professio</span> <span class='ocrx_word' id='word_1_64' title='bbox 525 1411 569 1452; x_wconf 78' lang='lat' dir='ltr'>est.</span> <span class='ocrx_word' id='word_1_65' title='bbox 589 1398 631 1452; x_wconf 89' lang='lat' dir='ltr'>Sic</span> <span class='ocrx_word' id='word_1_66' title='bbox 646 1416 705 1450; x_wconf 81' lang='lat' dir='ltr'>rem</span> <span class='ocrx_word' id='word_1_67' title='bbox 748 1396 821 1449; x_wconf 86' lang='lat' dir='ltr'>urbm</span> <span class='ocrx_word' id='word_1_68' title='bbox 829 1415 926 1450; x_wconf 86' lang='lat' dir='ltr'>nomeu</span> <span class='ocrx_word' id='word_1_69' title='bbox 938 1411 976 1451; x_wconf 82' lang='lat' dir='ltr'>est</span> <span class='ocrx_word' id='word_1_70' title='bbox 988 1398 1102 1462; x_wconf 77' lang='lat' dir='ltr'>Uxama</span> <span class='ocrx_word' id='word_1_71' title='bbox 1115 1409 1145 1452; x_wconf 88' lang='lat' dir='ltr'>ut</span> <span class='ocrx_word' id='word_1_72' title='bbox 1156 1396 1261 1454; x_wconf 85' lang='lat' dir='ltr'>dudum</span> 
     </span>
    </p>

    <p class='ocr_par' dir='ltr' id='par_1_5' title="bbox 191 1477 1257 1550">
     <span class='ocr_line' id='line_1_11' title="bbox 191 1477 1257 1550; baseline -0.002 -15"><span class='ocrx_word' id='word_1_73' title='bbox 191 1479 300 1536; x_wconf 77' lang='lat' dir='ltr'>exhibet</span> <span class='ocrx_word' id='word_1_74' title='bbox 312 1493 410 1533; x_wconf 81' lang='lat' dir='ltr'>noster.</span> <span class='ocrx_word' id='word_1_75' title='bbox 420 1480 510 1550; x_wconf 73' lang='lat' dir='ltr'>Vulgo</span> <span class='ocrx_word' id='word_1_76' title='bbox 528 1480 601 1532; x_wconf 80' lang='lat' dir='ltr'>abest</span> <span class='ocrx_word' id='word_1_77' title='bbox 614 1490 703 1550; x_wconf 77' lang='lat' dir='ltr'>aperte.</span> <span class='ocrx_word' id='word_1_78' title='bbox 748 1478 858 1530; x_wconf 82' lang='lat' dir='ltr'>Vossius</span> <span class='ocrx_word' id='word_1_79' title='bbox 865 1477 1046 1550; x_wconf 71' lang='lat' dir='ltr'>Cellariusque</span> <span class='ocrx_word' id='word_1_80' title='bbox 1054 1477 1257 1535; x_wconf 79' lang='lat' dir='ltr'>ostenderant</span> 
     </span>
    </p>

    <p class='ocr_par' dir='ltr' id='par_1_6' title="bbox 157 1555 1261 1650">
     <span class='ocr_line' id='line_1_12' title="bbox 157 1555 1261 1650; baseline 0 -36"><span class='ocrx_word' id='word_1_81' title='bbox 157 1623 162 1634; x_wconf 36' lang='lat'>¹</span> <span class='ocrx_word' id='word_1_82' title='bbox 233 1568 261 1626; x_wconf 73' lang='grc'>4.</span> <span class='ocrx_word' id='word_1_83' title='bbox 276 1563 425 1614; x_wconf 75' lang='lat' dir='ltr'>Auaumam.</span> <span class='ocrx_word' id='word_1_84' title='bbox 440 1559 520 1632; x_wconf 71' lang='lat' dir='ltr'>Vulg.</span> <span class='ocrx_word' id='word_1_85' title='bbox 537 1561 657 1622; x_wconf 65' lang='lat' dir='ltr'>Araura,-</span> <span class='ocrx_word' id='word_1_86' title='bbox 650 1557 705 1611; x_wconf 81' lang='lat' dir='ltr'>·ad</span> <span class='ocrx_word' id='word_1_87' title='bbox 748 1555 914 1650; x_wconf 72' lang='lat' dir='ltr'>suffragatur</span> <span class='ocrx_word' id='word_1_88' title='bbox 928 1571 1017 1612; x_wconf 75' lang='lat' dir='ltr'>noster</span> <span class='ocrx_word' id='word_1_89' title='bbox 1024 1577 1200 1632; x_wconf 81' lang='lat' dir='ltr'>,quanquam</span> <span class='ocrx_word' id='word_1_90' title='bbox 1222 1561 1261 1614; x_wconf 86' lang='lat' dir='ltr'>le·</span> 
     </span>
    </p>

    <p class='ocr_par' dir='ltr' id='par_1_7' title="bbox 193 1638 1259 1714">
     <span class='ocr_line' id='line_1_13' title="bbox 193 1638 1259 1714; baseline 0.001 -20"><span class='ocrx_word' id='word_1_91' title='bbox 193 1639 386 1714; x_wconf 79' lang='lat' dir='ltr'>quodverbum</span> <span class='ocrx_word' id='word_1_92' title='bbox 395 1639 542 1694; x_wconf 63' lang='lat' dir='ltr'>conium·</span> <span class='ocrx_word' id='word_1_93' title='bbox 552 1641 705 1692; x_wconf 81' lang='lat' dir='ltr'>Auxumam</span> <span class='ocrx_word' id='word_1_94' title='bbox 748 1638 817 1690; x_wconf 79' lang='lat' dir='ltr'>viter</span> <span class='ocrx_word' id='word_1_95' title='bbox 846 1652 1000 1712; x_wconf 82' lang='lat' dir='ltr'>corruptum</span> <span class='ocrx_word' id='word_1_96' title='bbox 1026 1653 1065 1694; x_wconf 80' lang='lat' dir='ltr'>est</span> <span class='ocrx_word' id='word_1_97' title='bbox 1089 1641 1259 1695; x_wconf 72' lang='lat' dir='ltr'>vocabalum.</span> 
     </span>
    </p>

    <p class='ocr_par' dir='ltr' id='par_1_8' title="bbox 189 1717 1261 1793">
     <span class='ocr_line' id='line_1_14' title="bbox 189 1717 1261 1793; baseline 0.001 -18"><span class='ocrx_word' id='word_1_98' title='bbox 189 1721 330 1793; x_wconf 81' lang='lat' dir='ltr'>scripserat</span> <span class='ocrx_word' id='word_1_99' title='bbox 340 1721 444 1786; x_wconf 82' lang='lat' dir='ltr'>Julius,</span> <span class='ocrx_word' id='word_1_100' title='bbox 455 1717 591 1792; x_wconf 84' lang='lat' dir='ltr'>quomodo</span> <span class='ocrx_word' id='word_1_101' title='bbox 605 1719 706 1772; x_wconf 81' lang='lat' dir='ltr'>babent</span> <span class='ocrx_word' id='word_1_102' title='bbox 748 1717 814 1770; x_wconf 77' lang='lat' dir='ltr'>Mox</span> <span class='ocrx_word' id='word_1_103' title='bbox 822 1719 929 1774; x_wconf 74' lang='lat' dir='ltr'>Curtius</span> <span class='ocrx_word' id='word_1_104' title='bbox 940 1721 1048 1792; x_wconf 80' lang='lat' dir='ltr'>oorrigit</span> <span class='ocrx_word' id='word_1_105' title='bbox 1061 1719 1191 1786; x_wconf 64' lang='lat' dir='ltr'>(limiam,-</span> <span class='ocrx_word' id='word_1_106' title='bbox 1201 1739 1261 1776; x_wconf 75' lang='lat' dir='ltr'>nor·</span> 
     </span>
    </p>

    <p class='ocr_par' dir='ltr' id='par_1_9' title="bbox 190 1799 1092 1873">
     <span class='ocr_line' id='line_1_15' title="bbox 190 1799 1092 1873; baseline 0 -19"><span class='ocrx_word' id='word_1_107' title='bbox 190 1801 255 1854; x_wconf 86' lang='lat' dir='ltr'>libri</span> <span class='ocrx_word' id='word_1_108' title='bbox 263 1814 365 1858; x_wconf 75' lang='lat' dir='ltr'>veteres</span> <span class='ocrx_word' id='word_1_109' title='bbox 374 1799 446 1873; x_wconf 82' lang='lat' dir='ltr'>apud</span> <span class='ocrx_word' id='word_1_110' title='bbox 456 1801 565 1854; x_wconf 82' lang='lat' dir='ltr'>Florum</span> <span class='ocrx_word' id='word_1_111' title='bbox 574 1841 582 1867; x_wconf 88' lang='lat'><strong>,</strong></span> <span class='ocrx_word' id='word_1_112' title='bbox 591 1817 645 1866; x_wconf 73' lang='lat' dir='ltr'>us,</span> <span class='ocrx_word' id='word_1_113' title='bbox 658 1799 705 1866; x_wconf 74' lang='lat'>23,</span> <span class='ocrx_word' id='word_1_114' title='bbox 747 1809 789 1853; x_wconf 84' lang='lat' dir='ltr'>ter</span> <span class='ocrx_word' id='word_1_115' title='bbox 803 1817 867 1854; x_wconf 75' lang='lat' dir='ltr'>vero</span> <span class='ocrx_word' id='word_1_116' title='bbox 876 1799 957 1856; x_wconf 79' lang='lat' dir='ltr'>habet</span> <span class='ocrx_word' id='word_1_117' title='bbox 969 1801 1092 1856; x_wconf 68' lang='lat' dir='ltr'>camum.</span> 
     </span>
    </p>
   </div>
   <div class='ocr_carea' id='block_1_5' title="bbox 0 0 1477 4662">
    <p class='ocr_par' dir='ltr' id='par_1_10' title="bbox 0 0 1477 4662">
     <span class='ocr_line' id='line_1_16' title="bbox 0 0 1477 4662; baseline 0 0"><span class='ocrx_word' id='word_1_118' title='bbox 0 0 1477 4662; x_wconf 95' lang='lat' dir='ltr'> </span> 
     </span>
    </p>
   </div>
  </div>
 </body>
</html>
