<?xml version="1.0" encoding="UTF-8"?>
<!DOCTYPE html PUBLIC "-//W3C//DTD XHTML 1.0 Transitional//EN"
    "http://www.w3.org/TR/xhtml1/DTD/xhtml1-transitional.dtd">
<html xmlns="http://www.w3.org/1999/xhtml" xml:lang="en" lang="en">
 <head>
  <title>
</title>
<meta http-equiv="Content-Type" content="text/html;charset=utf-8" />
  <meta name='ocr-system' content='tesseract 3.04.00' />
  <meta name='ocr-capabilities' content='ocr_page ocr_carea ocr_par ocr_line ocrx_word'/>
</head>
<body>
  <div class='ocr_page' id='page_1' title='image "./caiuscrispussal01sallgoog_0313.png"; bbox 0 0 2938 4654; ppageno 0'>
   <div class='ocr_carea' id='block_1_1' title="bbox 542 420 1224 512">
    <p class='ocr_par' dir='ltr' id='par_1_1' title="bbox 542 420 1224 512">
     <span class='ocr_line' id='line_1_1' title="bbox 542 420 1224 512; baseline -0.003 -15"><span class='ocrx_word' id='word_1_1' title='bbox 542 427 842 498; x_wconf 73' lang='lat' dir='ltr'><strong>sueonum.</strong></span> <span class='ocrx_word' id='word_1_2' title='bbox 1149 420 1224 512; x_wconf 68' lang='lat' dir='ltr'><strong>aas</strong></span> 
     </span>
    </p>
   </div>
   <div class='ocr_carea' id='block_1_2' title="bbox 157 553 1225 1718">
    <p class='ocr_par' dir='ltr' id='par_1_2' title="bbox 157 553 1225 1718">
     <span class='ocr_line' id='line_1_2' title="bbox 161 553 1225 654; baseline 0.007 -35"><span class='ocrx_word' id='word_1_3' title='bbox 161 566 229 622; x_wconf 90' lang='lat' dir='ltr'><strong>met</strong></span> <span class='ocrx_word' id='word_1_4' title='bbox 243 567 373 651; x_wconf 85' lang='lat' dir='ltr'><strong>tegere:</strong></span> <span class='ocrx_word' id='word_1_5' title='bbox 388 556 513 627; x_wconf 86' lang='lat' dir='ltr'><strong>clamor</strong></span> <span class='ocrx_word' id='word_1_6' title='bbox 528 561 710 654; x_wconf 88' lang='lat' dir='ltr'><strong>permixtus</strong></span> <span class='ocrx_word' id='word_1_7' title='bbox 722 557 927 646; x_wconf 78' lang='lat' dir='ltr'><strong>hortatione,</strong></span> <span class='ocrx_word' id='word_1_8' title='bbox 942 553 1068 644; x_wconf 85' lang='lat' dir='ltr'><strong>laetitia,</strong></span> <span class='ocrx_word' id='word_1_9' title='bbox 1081 559 1225 652; x_wconf 84' lang='lat' dir='ltr'><strong>gemitu,</strong></span> 
     </span>
     <span class='ocr_line' id='line_1_3' title="bbox 162 658 1224 760; baseline 0.009 -36"><span class='ocrx_word' id='word_1_10' title='bbox 162 658 239 740; x_wconf 88' lang='lat' dir='ltr'><strong>item</strong></span> <span class='ocrx_word' id='word_1_11' title='bbox 260 665 415 760; x_wconf 90' lang='lat' dir='ltr'><strong>strepitus</strong></span> <span class='ocrx_word' id='word_1_12' title='bbox 433 689 620 754; x_wconf 90' lang='lat' dir='ltr'><strong>armorum,</strong></span> <span class='ocrx_word' id='word_1_13' title='bbox 639 665 682 734; x_wconf 88' lang='lat' dir='ltr'><strong>ad</strong></span> <span class='ocrx_word' id='word_1_14' title='bbox 702 663 822 734; x_wconf 89' lang='lat' dir='ltr'><strong>caelum</strong></span> <span class='ocrx_word' id='word_1_15' title='bbox 849 663 950 734; x_wconf 85' lang='lat' dir='ltr'><strong>ferri:</strong></span> <span class='ocrx_word' id='word_1_16' title='bbox 970 661 1036 732; x_wconf 85' lang='lat' dir='ltr'><strong>tela</strong></span> <span class='ocrx_word' id='word_1_17' title='bbox 1057 665 1224 758; x_wconf 75' lang='lat' dir='ltr'><strong>utrimque</strong></span> 
     </span>
     <span class='ocr_line' id='line_1_4' title="bbox 162 755 1225 865; baseline 0.008 -35"><span class='ocrx_word' id='word_1_18' title='bbox 162 763 283 836; x_wconf 86' lang='lat' dir='ltr'><strong>volare.</strong></span> <span class='ocrx_word' id='word_1_19' title='bbox 298 770 362 838; x_wconf 86' lang='lat' dir='ltr'><strong>Sed</strong></span> <span class='ocrx_word' id='word_1_20' title='bbox 372 769 433 858; x_wconf 91' lang='lat' dir='ltr'><strong>illi,</strong></span> <span class='ocrx_word' id='word_1_21' title='bbox 444 773 501 865; x_wconf 91' lang='lat' dir='ltr'><strong>qui</strong></span> <span class='ocrx_word' id='word_1_22' title='bbox 515 773 637 841; x_wconf 89' lang='lat' dir='ltr'><strong>moenia</strong></span> <span class='ocrx_word' id='word_1_23' title='bbox 649 770 880 859; x_wconf 85' lang='lat' dir='ltr'><strong>defensabant,</strong></span> <span class='ocrx_word' id='word_1_24' title='bbox 891 769 948 840; x_wconf 91' lang='lat' dir='ltr'><strong>ubi</strong></span> <span class='ocrx_word' id='word_1_25' title='bbox 959 755 1087 840; x_wconf 78' lang='lat' dir='ltr'><strong>hostes³</strong></span> <span class='ocrx_word' id='word_1_26' title='bbox 1100 769 1225 865; x_wconf 90' lang='lat' dir='ltr'><strong>paullu-</strong></span> 
     </span>
     <span class='ocr_line' id='line_1_5' title="bbox 161 867 1223 973; baseline 0.008 -36"><span class='ocrx_word' id='word_1_27' title='bbox 161 867 229 938; x_wconf 89' lang='lat' dir='ltr'><strong>lum</strong></span> <span class='ocrx_word' id='word_1_28' title='bbox 250 875 351 945; x_wconf 89' lang='lat' dir='ltr'><strong>modo</strong></span> <span class='ocrx_word' id='word_1_29' title='bbox 370 902 516 973; x_wconf 82' lang='lat' dir='ltr'><strong>pugnam</strong></span> <span class='ocrx_word' id='word_1_30' title='bbox 531 877 743 966; x_wconf 85' lang='lat' dir='ltr'><strong>remiserant,</strong></span> <span class='ocrx_word' id='word_1_31' title='bbox 761 878 881 948; x_wconf 85' lang='lat' dir='ltr'><strong>intenti</strong></span> <span class='ocrx_word' id='word_1_32' title='bbox 901 874 1049 972; x_wconf 85' lang='lat' dir='ltr'><strong>praelium</strong></span> <span class='ocrx_word' id='word_1_33' title='bbox 1070 891 1223 970; x_wconf 86' lang='lat' dir='ltr'><strong>equestre</strong></span> 
     </span>
     <span class='ocr_line' id='line_1_6' title="bbox 160 981 1222 1078; baseline 0.008 -32"><span class='ocrx_word' id='word_1_34' title='bbox 160 982 425 1073; x_wconf 85' lang='lat' dir='ltr'><strong>prospectabant.</strong></span> <span class='ocrx_word' id='word_1_35' title='bbox 447 987 532 1071; x_wconf 88' lang='lat' dir='ltr'><strong>Eos,</strong></span> <span class='ocrx_word' id='word_1_36' title='bbox 548 985 596 1052; x_wconf 90' lang='lat' dir='ltr'><strong>uti</strong></span> <span class='ocrx_word' id='word_1_37' title='bbox 616 1009 753 1078; x_wconf 84' lang='lat' dir='ltr'><strong>quaeque</strong></span> <span class='ocrx_word' id='word_1_38' title='bbox 770 983 942 1078; x_wconf 76' lang='lat' dir='ltr'><strong>iugurthae</strong></span> <span class='ocrx_word' id='word_1_39' title='bbox 962 997 1146 1071; x_wconf 86' lang='lat' dir='ltr'><strong>reserant,</strong></span> <span class='ocrx_word' id='word_1_40' title='bbox 1168 981 1222 1054; x_wconf 88' lang='lat' dir='ltr'><strong>lae-</strong></span> 
     </span>
     <span class='ocr_line' id='line_1_7' title="bbox 161 1088 1221 1185; baseline 0.01 -36"><span class='ocrx_word' id='word_1_41' title='bbox 161 1095 212 1152; x_wconf 90' lang='lat' dir='ltr'><strong>tos</strong></span> <span class='ocrx_word' id='word_1_42' title='bbox 232 1088 352 1176; x_wconf 88' lang='lat' dir='ltr'><strong>modo,</strong></span> <span class='ocrx_word' id='word_1_43' title='bbox 369 1089 470 1158; x_wconf 88' lang='lat' dir='ltr'><strong>modo</strong></span> <span class='ocrx_word' id='word_1_44' title='bbox 487 1089 625 1185; x_wconf 89' lang='lat' dir='ltr'><strong>pavidos</strong></span> <span class='ocrx_word' id='word_1_45' title='bbox 642 1089 922 1162; x_wconf 88' lang='lat' dir='ltr'><strong>animadvorteres</strong></span> <span class='ocrx_word' id='word_1_46' title='bbox 943 1115 951 1156; x_wconf 92' lang='lat'><strong>:</strong></span> <span class='ocrx_word' id='word_1_47' title='bbox 970 1113 1026 1177; x_wconf 88' lang='lat' dir='ltr'><strong>ac,</strong></span> <span class='ocrx_word' id='word_1_48' title='bbox 1045 1090 1140 1165; x_wconf 89' lang='lat' dir='ltr'><strong>sicuti</strong></span> <span class='ocrx_word' id='word_1_49' title='bbox 1158 1113 1221 1160; x_wconf 88' lang='lat' dir='ltr'><strong>au-</strong></span> 
     </span>
     <span class='ocr_line' id='line_1_8' title="bbox 160 1183 1221 1290; baseline 0.008 -34"><span class='ocrx_word' id='word_1_50' title='bbox 160 1187 222 1259; x_wconf 87' lang='lat' dir='ltr'><strong>diri</strong></span> <span class='ocrx_word' id='word_1_51' title='bbox 243 1216 264 1260; x_wconf 90' lang='lat' dir='ltr'><strong>a</strong></span> <span class='ocrx_word' id='word_1_52' title='bbox 282 1197 348 1263; x_wconf 90' lang='lat' dir='ltr'><strong>suis</strong></span> <span class='ocrx_word' id='word_1_53' title='bbox 367 1210 425 1264; x_wconf 90' lang='lat' dir='ltr'><strong>aut</strong></span> <span class='ocrx_word' id='word_1_54' title='bbox 444 1197 534 1266; x_wconf 89' lang='lat' dir='ltr'><strong>cerni</strong></span> <span class='ocrx_word' id='word_1_55' title='bbox 558 1211 693 1290; x_wconf 89' lang='lat' dir='ltr'><strong>possent</strong></span> <span class='ocrx_word' id='word_1_56' title='bbox 702 1183 726 1284; x_wconf 69' lang='lat'><strong>⁴,</strong></span> <span class='ocrx_word' id='word_1_57' title='bbox 746 1221 883 1268; x_wconf 86' lang='lat' dir='ltr'><strong>monere</strong></span> <span class='ocrx_word' id='word_1_58' title='bbox 903 1194 977 1284; x_wconf 88' lang='lat' dir='ltr'><strong>alii,</strong></span> <span class='ocrx_word' id='word_1_59' title='bbox 999 1193 1058 1266; x_wconf 86' lang='lat' dir='ltr'><strong>alii</strong></span> <span class='ocrx_word' id='word_1_60' title='bbox 1076 1195 1221 1283; x_wconf 86' lang='lat' dir='ltr'><strong>hortari,</strong></span> 
     </span>
     <span class='ocr_line' id='line_1_9' title="bbox 159 1299 1221 1397; baseline 0.012 -35"><span class='ocrx_word' id='word_1_61' title='bbox 159 1311 215 1365; x_wconf 83' lang='lat' dir='ltr'><strong>aut</strong></span> <span class='ocrx_word' id='word_1_62' title='bbox 242 1323 344 1370; x_wconf 89' lang='lat' dir='ltr'><strong>manu</strong></span> <span class='ocrx_word' id='word_1_63' title='bbox 362 1301 564 1396; x_wconf 85' lang='lat' dir='ltr'><strong>significare,</strong></span> <span class='ocrx_word' id='word_1_64' title='bbox 588 1318 646 1373; x_wconf 88' lang='lat' dir='ltr'><strong>aut</strong></span> <span class='ocrx_word' id='word_1_65' title='bbox 665 1304 726 1372; x_wconf 93' lang='lat' dir='ltr'><strong>niti</strong></span> <span class='ocrx_word' id='word_1_66' title='bbox 752 1302 963 1397; x_wconf 82' lang='lat' dir='ltr'><strong>corporibus3</strong></span> <span class='ocrx_word' id='word_1_67' title='bbox 985 1315 1018 1369; x_wconf 90' lang='lat' dir='ltr'><strong>et</strong></span> <span class='ocrx_word' id='word_1_68' title='bbox 1040 1301 1106 1370; x_wconf 92' lang='lat' dir='ltr'><strong>huc</strong></span> <span class='ocrx_word' id='word_1_69' title='bbox 1124 1299 1221 1392; x_wconf 87' lang='lat' dir='ltr'><strong>illuc,</strong></span> 
     </span>
     <span class='ocr_line' id='line_1_10' title="bbox 159 1405 1220 1504; baseline 0.006 -34"><span class='ocrx_word' id='word_1_70' title='bbox 159 1405 250 1494; x_wconf 91' lang='lat' dir='ltr'><strong>quasi</strong></span> <span class='ocrx_word' id='word_1_71' title='bbox 263 1407 449 1497; x_wconf 87' lang='lat' dir='ltr'><strong>vitabundi,</strong></span> <span class='ocrx_word' id='word_1_72' title='bbox 460 1423 518 1476; x_wconf 84' lang='lat' dir='ltr'><strong>aut</strong></span> <span class='ocrx_word' id='word_1_73' title='bbox 525 1409 683 1501; x_wconf 85' lang='lat' dir='ltr'><strong>jacientes</strong></span> <span class='ocrx_word' id='word_1_74' title='bbox 694 1407 775 1496; x_wconf 85' lang='lat' dir='ltr'><strong>tela,</strong></span> <span class='ocrx_word' id='word_1_75' title='bbox 786 1411 919 1504; x_wconf 82' lang='lat' dir='ltr'><strong>agitare.</strong></span> <span class='ocrx_word' id='word_1_76' title='bbox 929 1407 1029 1496; x_wconf 88' lang='lat' dir='ltr'><strong>Quod</strong></span> <span class='ocrx_word' id='word_1_77' title='bbox 1042 1407 1098 1476; x_wconf 91' lang='lat' dir='ltr'><strong>ubi</strong></span> <span class='ocrx_word' id='word_1_78' title='bbox 1110 1407 1220 1476; x_wconf 83' lang='lat' dir='ltr'><strong>Mario</strong></span> 
     </span>
     <span class='ocr_line' id='line_1_11' title="bbox 158 1505 1218 1611; baseline 0.006 -34"><span class='ocrx_word' id='word_1_79' title='bbox 158 1513 326 1604; x_wconf 84' lang='lat' dir='ltr'><strong>cognitum</strong></span> <span class='ocrx_word' id='word_1_80' title='bbox 340 1529 405 1604; x_wconf 88' lang='lat' dir='ltr'><strong>est,</strong></span> <span class='ocrx_word' id='word_1_81' title='bbox 420 1506 523 1603; x_wconf 92' lang='lat' dir='ltr'><strong>(nam</strong></span> <span class='ocrx_word' id='word_1_82' title='bbox 539 1516 566 1583; x_wconf 94' lang='lat' dir='ltr'><strong>is</strong></span> <span class='ocrx_word' id='word_1_83' title='bbox 578 1517 611 1584; x_wconf 93' lang='lat' dir='ltr'><strong>in</strong></span> <span class='ocrx_word' id='word_1_84' title='bbox 626 1538 664 1583; x_wconf 88' lang='lat' dir='ltr'><strong>ea</strong></span> <span class='ocrx_word' id='word_1_85' title='bbox 677 1529 771 1611; x_wconf 89' lang='lat' dir='ltr'><strong>parte</strong></span> <span class='ocrx_word' id='word_1_86' title='bbox 790 1505 966 1604; x_wconf 80' lang='lat' dir='ltr'><strong>curabat3)</strong></span> <span class='ocrx_word' id='word_1_87' title='bbox 985 1512 1155 1601; x_wconf 86' lang='lat' dir='ltr'><strong>consulto,</strong></span> <span class='ocrx_word' id='word_1_88' title='bbox 1173 1512 1218 1583; x_wconf 88' lang='lat' dir='ltr'><strong>le·</strong></span> 
     </span>
     <span class='ocr_line' id='line_1_12' title="bbox 157 1607 1219 1718; baseline 0.008 -35"><span class='ocrx_word' id='word_1_89' title='bbox 157 1617 229 1686; x_wconf 90' lang='lat' dir='ltr'><strong>nius</strong></span> <span class='ocrx_word' id='word_1_90' title='bbox 242 1631 365 1714; x_wconf 84' lang='lat' dir='ltr'><strong>agere,</strong></span> <span class='ocrx_word' id='word_1_91' title='bbox 384 1645 422 1690; x_wconf 87' lang='lat' dir='ltr'><strong>ac</strong></span> <span class='ocrx_word' id='word_1_92' title='bbox 441 1621 657 1692; x_wconf 86' lang='lat' dir='ltr'><strong>diffidentiam</strong></span> <span class='ocrx_word' id='word_1_93' title='bbox 676 1607 744 1692; x_wconf 88' lang='lat' dir='ltr'><strong>rei⁵</strong></span> <span class='ocrx_word' id='word_1_94' title='bbox 765 1619 919 1693; x_wconf 83' lang='lat' dir='ltr'><strong>simulare</strong></span> <span class='ocrx_word' id='word_1_95' title='bbox 935 1621 1031 1718; x_wconf 86' lang='lat' dir='ltr'><strong>:pati</strong></span> <span class='ocrx_word' id='word_1_96' title='bbox 1052 1608 1219 1692; x_wconf 80' lang='lat' dir='ltr'><strong>Numidas</strong></span> 
     </span>
    </p>
   </div>
   <div class='ocr_carea' id='block_1_3' title="bbox 148 1827 1226 3343">
    <p class='ocr_par' dir='ltr' id='par_1_3' title="bbox 148 1827 1226 3343">
     <span class='ocr_line' id='line_1_13' title="bbox 156 1827 1219 1906; baseline 0.005 -24"><span class='ocrx_word' id='word_1_97' title='bbox 156 1843 225 1880; x_wconf 78' lang='lat' dir='ltr'><strong>nem.</strong></span> <span class='ocrx_word' id='word_1_98' title='bbox 232 1827 331 1882; x_wconf 84' lang='lat' dir='ltr'><strong>Eadem</strong></span> <span class='ocrx_word' id='word_1_99' title='bbox 338 1832 446 1904; x_wconf 81' lang='lat' dir='ltr'><strong>partitio</strong></span> <span class='ocrx_word' id='word_1_100' title='bbox 452 1833 480 1886; x_wconf 90' lang='lat' dir='ltr'><strong>in</strong></span> <span class='ocrx_word' id='word_1_101' title='bbox 487 1835 665 1906; x_wconf 83' lang='lat' dir='ltr'><strong>sequentibus.</strong></span> <span class='ocrx_word' id='word_1_102' title='bbox 710 1831 798 1887; x_wconf 89' lang='lat' dir='ltr'><strong>audiri</strong></span> <span class='ocrx_word' id='word_1_103' title='bbox 819 1846 864 1888; x_wconf 86' lang='lat' dir='ltr'><strong>aut</strong></span> <span class='ocrx_word' id='word_1_104' title='bbox 878 1833 952 1887; x_wconf 88' lang='lat' dir='ltr'><strong>cerni</strong></span> <span class='ocrx_word' id='word_1_105' title='bbox 967 1833 1031 1888; x_wconf 83' lang='lat' dir='ltr'><strong>satio</strong></span> <span class='ocrx_word' id='word_1_106' title='bbox 1043 1832 1151 1887; x_wconf 87' lang='lat' dir='ltr'><strong>indicat.</strong></span> <span class='ocrx_word' id='word_1_107' title='bbox 1167 1831 1219 1887; x_wconf 87' lang='lat' dir='ltr'><strong>Sed</strong></span> 
     </span>
     <span class='ocr_line' id='line_1_14' title="bbox 156 1904 1219 1987; baseline 0.005 -28"><span class='ocrx_word' id='word_1_108' title='bbox 156 1904 225 1960; x_wconf 79' lang='lat' dir='ltr'><strong>Hinc</strong></span> <span class='ocrx_word' id='word_1_109' title='bbox 238 1910 351 1964; x_wconf 85' lang='lat' dir='ltr'><strong>Romani</strong></span> <span class='ocrx_word' id='word_1_110' title='bbox 365 1933 516 1984; x_wconf 50' lang='lat' dir='ltr'><strong>oppugnare·</strong></span> <span class='ocrx_word' id='word_1_111' title='bbox 530 1915 603 1968; x_wconf 89' lang='lat' dir='ltr'><strong>illinc</strong></span> <span class='ocrx_word' id='word_1_112' title='bbox 616 1935 665 1987; x_wconf 89' lang='lat' dir='ltr'><strong>op·</strong></span> <span class='ocrx_word' id='word_1_113' title='bbox 709 1914 864 1967; x_wconf 81' lang='lat' dir='ltr'><strong>visallectus</strong></span> <span class='ocrx_word' id='word_1_114' title='bbox 875 1914 1010 1967; x_wconf 88' lang='lat' dir='ltr'><strong>hominem</strong></span> <span class='ocrx_word' id='word_1_115' title='bbox 1020 1925 1092 1966; x_wconf 85' lang='lat' dir='ltr'><strong>extra</strong></span> <span class='ocrx_word' id='word_1_116' title='bbox 1103 1933 1131 1966; x_wconf 89' lang='lat' dir='ltr'><strong>se</strong></span> <span class='ocrx_word' id='word_1_117' title='bbox 1139 1913 1219 1985; x_wconf 89' lang='lat' dir='ltr'><strong>rapit,</strong></span> 
     </span>
     <span class='ocr_line' id='line_1_15' title="bbox 155 1985 1219 2066; baseline 0.006 -28"><span class='ocrx_word' id='word_1_118' title='bbox 155 1985 247 2056; x_wconf 85' lang='lat' dir='ltr'><strong>pidani</strong></span> <span class='ocrx_word' id='word_1_119' title='bbox 262 1988 442 2045; x_wconf 83' lang='lat' dir='ltr'><strong>defensionem</strong></span> <span class='ocrx_word' id='word_1_120' title='bbox 453 2013 541 2064; x_wconf 84' lang='lat' dir='ltr'><strong>parare</strong></span> <span class='ocrx_word' id='word_1_121' title='bbox 547 2017 557 2058; x_wconf 90' lang='lat'><em>;</em></span> <span class='ocrx_word' id='word_1_122' title='bbox 568 1997 665 2049; x_wconf 82' lang='lat' dir='ltr'><strong>obsessi</strong></span> <span class='ocrx_word' id='word_1_123' title='bbox 708 1995 824 2066; x_wconf 83' lang='lat' dir='ltr'><strong>facitque</strong></span> <span class='ocrx_word' id='word_1_124' title='bbox 843 1994 881 2046; x_wconf 91' lang='lat' dir='ltr'><strong>ibi</strong></span> <span class='ocrx_word' id='word_1_125' title='bbox 900 2013 972 2059; x_wconf 88' lang='lat' dir='ltr'><strong>esse,</strong></span> <span class='ocrx_word' id='word_1_126' title='bbox 991 1993 1037 2045; x_wconf 91' lang='lat' dir='ltr'><strong>ubi</strong></span> <span class='ocrx_word' id='word_1_127' title='bbox 1057 2012 1111 2044; x_wconf 90' lang='lat' dir='ltr'><strong>non</strong></span> <span class='ocrx_word' id='word_1_128' title='bbox 1131 2005 1177 2045; x_wconf 87' lang='lat' dir='ltr'><strong>est.</strong></span> <span class='ocrx_word' id='word_1_129' title='bbox 1195 1993 1219 2044; x_wconf 86' lang='lat' dir='ltr'>E</span> 
     </span>
     <span class='ocr_line' id='line_1_16' title="bbox 155 2065 1218 2145; baseline 0.007 -29"><span class='ocrx_word' id='word_1_130' title='bbox 155 2065 604 2137; x_wconf 84' lang='lat' dir='ltr'><strong>obsidentes,obsidentesolisessos</strong></span> <span class='ocrx_word' id='word_1_131' title='bbox 616 2081 665 2128; x_wconf 81' lang='lat' dir='ltr'><strong>avi·</strong></span> <span class='ocrx_word' id='word_1_132' title='bbox 708 2075 792 2127; x_wconf 87' lang='lat' dir='ltr'><strong>muris</strong></span> <span class='ocrx_word' id='word_1_133' title='bbox 814 2093 869 2126; x_wconf 90' lang='lat' dir='ltr'><strong>non</strong></span> <span class='ocrx_word' id='word_1_134' title='bbox 888 2086 1006 2145; x_wconf 88' lang='lat' dir='ltr'><strong>spectant</strong></span> <span class='ocrx_word' id='word_1_135' title='bbox 1024 2073 1122 2144; x_wconf 75' lang='lat' dir='ltr'><strong>magis,</strong></span> <span class='ocrx_word' id='word_1_136' title='bbox 1137 2089 1218 2142; x_wconf 88' lang='lat' dir='ltr'><strong>quam</strong></span> 
     </span>
     <span class='ocr_line' id='line_1_17' title="bbox 155 2145 1218 2226; baseline 0.006 -28"><span class='ocrx_word' id='word_1_137' title='bbox 155 2145 209 2198; x_wconf 75' lang='lat' dir='ltr'><strong>dtus</strong></span> <span class='ocrx_word' id='word_1_138' title='bbox 223 2155 332 2202; x_wconf 80' lang='lat' dir='ltr'><strong>sauciare</strong></span> <span class='ocrx_word' id='word_1_139' title='bbox 344 2172 414 2224; x_wconf 81' lang='lat' dir='ltr'><strong>quam</strong></span> <span class='ocrx_word' id='word_1_140' title='bbox 428 2167 502 2207; x_wconf 81' lang='lat' dir='ltr'><strong>semet</strong></span> <span class='ocrx_word' id='word_1_141' title='bbox 515 2167 598 2223; x_wconf 69' lang='lat' dir='ltr'><strong>tegere.</strong></span> <span class='ocrx_word' id='word_1_142' title='bbox 615 2155 664 2209; x_wconf 86' lang='lat' dir='ltr'><strong>His</strong></span> <span class='ocrx_word' id='word_1_143' title='bbox 706 2155 799 2226; x_wconf 78' lang='lat' dir='ltr'><strong>praelio</strong></span> <span class='ocrx_word' id='word_1_144' title='bbox 814 2154 953 2206; x_wconf 85' lang='lat' dir='ltr'><strong>intersunt.</strong></span> <span class='ocrx_word' id='word_1_145' title='bbox 963 2154 1021 2204; x_wconf 90' lang='lat' dir='ltr'><strong>Imo</strong></span> <span class='ocrx_word' id='word_1_146' title='bbox 1035 2153 1085 2223; x_wconf 88' lang='lat' dir='ltr'><strong>ipsi</strong></span> <span class='ocrx_word' id='word_1_147' title='bbox 1099 2169 1218 2223; x_wconf 76' lang='lat' dir='ltr'><strong>pugnare</strong></span> 
     </span>
     <span class='ocr_line' id='line_1_18' title="bbox 154 2231 1218 2303; baseline 0.005 -26"><span class='ocrx_word' id='word_1_148' title='bbox 154 2243 218 2279; x_wconf 80' lang='lat' dir='ltr'><strong>vero</strong></span> <span class='ocrx_word' id='word_1_149' title='bbox 246 2233 387 2302; x_wconf 81' lang='lat' dir='ltr'><strong>separatim</strong></span> <span class='ocrx_word' id='word_1_150' title='bbox 414 2234 554 2300; x_wconf 84' lang='lat' dir='ltr'><strong>exhibitis,</strong></span> <span class='ocrx_word' id='word_1_151' title='bbox 578 2247 609 2287; x_wconf 88' lang='lat' dir='ltr'><strong>ut</strong></span> <span class='ocrx_word' id='word_1_152' title='bbox 634 2240 668 2287; x_wconf 83' lang='lat' dir='ltr'><strong>sit</strong></span> <span class='ocrx_word' id='word_1_153' title='bbox 708 2231 908 2298; x_wconf 84' lang='lat' dir='ltr'><strong>sihividentur,</strong></span> <span class='ocrx_word' id='word_1_154' title='bbox 925 2231 1006 2303; x_wconf 91' lang='lat' dir='ltr'><strong>idque</strong></span> <span class='ocrx_word' id='word_1_155' title='bbox 1020 2232 1120 2284; x_wconf 81' lang='lat' dir='ltr'><strong>faciunt</strong></span> <span class='ocrx_word' id='word_1_156' title='bbox 1134 2249 1218 2284; x_wconf 84' lang='lat' dir='ltr'><strong>vacuo</strong></span> 
     </span>
     <span class='ocr_line' id='line_1_19' title="bbox 154 2311 1226 2386; baseline 0.002 -26"><span class='ocrx_word' id='word_1_157' title='bbox 154 2325 213 2376; x_wconf 79' lang='lat' dir='ltr'><strong>optas</strong></span> <span class='ocrx_word' id='word_1_158' title='bbox 226 2311 326 2381; x_wconf 71' lang='lat' dir='ltr'><strong>simplex</strong></span> <span class='ocrx_word' id='word_1_159' title='bbox 341 2311 461 2364; x_wconf 76' lang='lat' dir='ltr'><strong>duntaxat</strong></span> <span class='ocrx_word' id='word_1_160' title='bbox 474 2326 498 2364; x_wconf 89' lang='lat' dir='ltr'><strong>et</strong></span> <span class='ocrx_word' id='word_1_161' title='bbox 512 2333 596 2378; x_wconf 86' lang='lat' dir='ltr'><strong>unum,</strong></span> <span class='ocrx_word' id='word_1_162' title='bbox 619 2315 665 2367; x_wconf 89' lang='lat' dir='ltr'><strong>ali-</strong></span> <span class='ocrx_word' id='word_1_163' title='bbox 708 2314 827 2386; x_wconf 87' lang='lat' dir='ltr'><strong>corporis</strong></span> <span class='ocrx_word' id='word_1_164' title='bbox 848 2325 923 2365; x_wconf 92' lang='lat' dir='ltr'><strong>motu</strong></span> <span class='ocrx_word' id='word_1_165' title='bbox 946 2324 973 2364; x_wconf 89' lang='lat' dir='ltr'><strong>et</strong></span> <span class='ocrx_word' id='word_1_166' title='bbox 995 2311 1067 2364; x_wconf 87' lang='lat' dir='ltr'><strong>inani</strong></span> <span class='ocrx_word' id='word_1_167' title='bbox 1089 2311 1226 2382; x_wconf 55' lang='lat' dir='ltr'><strong>significa?</strong></span> 
     </span>
     <span class='ocr_line' id='line_1_20' title="bbox 153 2385 1218 2465; baseline 0.004 -25"><span class='ocrx_word' id='word_1_168' title='bbox 153 2385 220 2456; x_wconf 85' lang='lat' dir='ltr'><strong>quid</strong></span> <span class='ocrx_word' id='word_1_169' title='bbox 241 2391 348 2463; x_wconf 86' lang='lat' dir='ltr'><strong>subjicit</strong></span> <span class='ocrx_word' id='word_1_170' title='bbox 372 2392 459 2464; x_wconf 88' lang='lat' dir='ltr'><strong>pictor</strong></span> <span class='ocrx_word' id='word_1_171' title='bbox 485 2405 559 2446; x_wconf 85' lang='lat' dir='ltr'><strong>tatum</strong></span> <span class='ocrx_word' id='word_1_172' title='bbox 577 2414 665 2465; x_wconf 77' lang='lat' dir='ltr'><strong>panem</strong></span> <span class='ocrx_word' id='word_1_173' title='bbox 694 2393 796 2460; x_wconf 62' lang='lat' dir='ltr'><strong>⁵tione,</strong></span> <span class='ocrx_word' id='word_1_174' title='bbox 817 2391 890 2465; x_wconf 90' lang='lat' dir='ltr'><strong>quod</strong></span> <span class='ocrx_word' id='word_1_175' title='bbox 916 2410 977 2446; x_wconf 82' lang='lat' dir='ltr'><strong>suos</strong></span> <span class='ocrx_word' id='word_1_176' title='bbox 1000 2390 1113 2444; x_wconf 86' lang='lat' dir='ltr'><strong>maxime</strong></span> <span class='ocrx_word' id='word_1_177' title='bbox 1133 2391 1218 2448; x_wconf 79' lang='lat' dir='ltr'><strong>lacere</strong></span> 
     </span>
     <span class='ocr_line' id='line_1_21' title="bbox 154 2465 1217 2546; baseline 0.003 -26"><span class='ocrx_word' id='word_1_178' title='bbox 154 2465 276 2534; x_wconf 77' lang='lat' dir='ltr'><strong>callidus,</strong></span> <span class='ocrx_word' id='word_1_179' title='bbox 289 2469 362 2542; x_wconf 86' lang='lat' dir='ltr'><strong>quod</strong></span> <span class='ocrx_word' id='word_1_180' title='bbox 378 2473 496 2544; x_wconf 86' lang='lat' dir='ltr'><strong>utrisque</strong></span> <span class='ocrx_word' id='word_1_181' title='bbox 510 2473 663 2528; x_wconf 83' lang='lat' dir='ltr'><strong>conveniat:</strong></span> <span class='ocrx_word' id='word_1_182' title='bbox 708 2475 835 2546; x_wconf 86' lang='lat' dir='ltr'><strong>cupiunt,</strong></span> <span class='ocrx_word' id='word_1_183' title='bbox 854 2473 956 2544; x_wconf 85' lang='lat' dir='ltr'><strong>ipsique</strong></span> <span class='ocrx_word' id='word_1_184' title='bbox 973 2491 1000 2526; x_wconf 89' lang='lat' dir='ltr'><strong>se</strong></span> <span class='ocrx_word' id='word_1_185' title='bbox 1017 2472 1132 2524; x_wconf 82' lang='lat' dir='ltr'><strong>facturos</strong></span> <span class='ocrx_word' id='word_1_186' title='bbox 1147 2471 1217 2524; x_wconf 84' lang='lat' dir='ltr'><strong>arbi·</strong></span> 
     </span>
     <span class='ocr_line' id='line_1_22' title="bbox 158 2547 1218 2618; baseline 0.003 -18"><span class='ocrx_word' id='word_1_187' title='bbox 158 2547 665 2618; x_wconf 78' lang='lat' dir='ltr'><strong>=Clamoradcoelumlerri;telautaim-</strong></span> <span class='ocrx_word' id='word_1_188' title='bbox 707 2565 831 2618; x_wconf 81' lang='lat' dir='ltr'><strong>truatur,</strong></span> <span class='ocrx_word' id='word_1_189' title='bbox 860 2551 883 2604; x_wconf 88' lang='lat' dir='ltr'><strong>si</strong></span> <span class='ocrx_word' id='word_1_190' title='bbox 905 2563 1003 2604; x_wconf 81' lang='lat' dir='ltr'><strong>starent</strong></span> <span class='ocrx_word' id='word_1_191' title='bbox 1023 2551 1050 2604; x_wconf 92' lang='lat' dir='ltr'><strong>in</strong></span> <span class='ocrx_word' id='word_1_192' title='bbox 1076 2552 1141 2604; x_wconf 87' lang='lat' dir='ltr'><strong>acie.</strong></span> <span class='ocrx_word' id='word_1_193' title='bbox 1165 2547 1218 2603; x_wconf 85' lang='lat' dir='ltr'><strong>Sed</strong></span> 
     </span>
     <span class='ocr_line' id='line_1_23' title="bbox 154 2629 1217 2703; baseline 0.001 -22"><span class='ocrx_word' id='word_1_194' title='bbox 154 2644 205 2697; x_wconf 85' lang='lat' dir='ltr'><strong>que</strong></span> <span class='ocrx_word' id='word_1_195' title='bbox 214 2629 313 2682; x_wconf 80' lang='lat' dir='ltr'><strong>volare.</strong></span> <span class='ocrx_word' id='word_1_196' title='bbox 325 2657 336 2678; x_wconf 79' lang='grc' dir='ltr'>ι</span> <span class='ocrx_word' id='word_1_197' title='bbox 354 2629 405 2686; x_wconf 87' lang='lat' dir='ltr'><strong>Hic</strong></span> <span class='ocrx_word' id='word_1_198' title='bbox 416 2651 474 2685; x_wconf 89' lang='lat' dir='ltr'><strong>mos</strong></span> <span class='ocrx_word' id='word_1_199' title='bbox 486 2646 526 2686; x_wconf 85' lang='lat' dir='ltr'><strong>est</strong></span> <span class='ocrx_word' id='word_1_200' title='bbox 539 2633 663 2689; x_wconf 82' lang='lat' dir='ltr'><strong>Sallustii.</strong></span> <span class='ocrx_word' id='word_1_201' title='bbox 706 2633 802 2686; x_wconf 82' lang='lat' dir='ltr'><strong>suimet</strong></span> <span class='ocrx_word' id='word_1_202' title='bbox 820 2631 930 2696; x_wconf 86' lang='lat' dir='ltr'><strong>oblitos,</strong></span> <span class='ocrx_word' id='word_1_203' title='bbox 946 2632 1090 2703; x_wconf 82' lang='lat' dir='ltr'><strong>alienisque</strong></span> <span class='ocrx_word' id='word_1_204' title='bbox 1101 2631 1217 2683; x_wconf 83' lang='lat' dir='ltr'><strong>intentos</strong></span> 
     </span>
     <span class='ocr_line' id='line_1_24' title="bbox 151 2705 1217 2784; baseline 0.003 -25"><span class='ocrx_word' id='word_1_205' title='bbox 151 2705 310 2780; x_wconf 84' lang='lat' dir='ltr'><strong>Exemplum</strong></span> <span class='ocrx_word' id='word_1_206' title='bbox 326 2709 388 2764; x_wconf 82' lang='lat' dir='ltr'><strong>vide</strong></span> <span class='ocrx_word' id='word_1_207' title='bbox 400 2712 447 2765; x_wconf 81' lang='lat' dir='ltr'><strong>inf.</strong></span> <span class='ocrx_word' id='word_1_208' title='bbox 461 2713 592 2766; x_wconf 85' lang='lat' dir='ltr'>LXXVI:</span> <span class='ocrx_word' id='word_1_209' title='bbox 606 2740 617 2762; x_wconf 81' lang='grc' dir='ltr'>ι</span> <span class='ocrx_word' id='word_1_210' title='bbox 629 2715 664 2768; x_wconf 80' lang='lat' dir='ltr'><strong>At</strong></span> <span class='ocrx_word' id='word_1_211' title='bbox 705 2713 830 2784; x_wconf 83' lang='lat' dir='ltr'><strong>periculis</strong></span> <span class='ocrx_word' id='word_1_212' title='bbox 851 2731 914 2764; x_wconf 81' lang='lat' dir='ltr'><strong>mox</strong></span> <span class='ocrx_word' id='word_1_213' title='bbox 939 2709 1106 2782; x_wconf 79' lang='lat' dir='ltr'><strong>adproprias</strong></span> <span class='ocrx_word' id='word_1_214' title='bbox 1127 2710 1217 2763; x_wconf 84' lang='lat' dir='ltr'><strong>salutis</strong></span> 
     </span>
     <span class='ocr_line' id='line_1_25' title="bbox 152 2785 1215 2864; baseline 0.003 -25"><span class='ocrx_word' id='word_1_215' title='bbox 152 2785 419 2845; x_wconf 76' lang='lat' dir='ltr'><strong>Metellus...Contra</strong></span> <span class='ocrx_word' id='word_1_216' title='bbox 427 2792 484 2846; x_wconf 72' lang='lat' dir='ltr'><strong>hato</strong></span> <span class='ocrx_word' id='word_1_217' title='bbox 496 2791 661 2864; x_wconf 85' lang='lat' dir='ltr'><strong>oppidani...</strong></span> <span class='ocrx_word' id='word_1_218' title='bbox 706 2811 797 2846; x_wconf 84' lang='lat' dir='ltr'><strong>curam</strong></span> <span class='ocrx_word' id='word_1_219' title='bbox 812 2791 914 2844; x_wconf 86' lang='lat' dir='ltr'><strong>Marius</strong></span> <span class='ocrx_word' id='word_1_220' title='bbox 925 2791 1069 2844; x_wconf 82' lang='lat' dir='ltr'><strong>revocabit.</strong></span> <span class='ocrx_word' id='word_1_221' title='bbox 1079 2823 1120 2834; x_wconf 95' lang='lat'>—</span> <span class='ocrx_word' id='word_1_222' title='bbox 1128 2789 1215 2843; x_wconf 87' lang='lat' dir='ltr'><strong>Sicuti.</strong></span> 
     </span>
     <span class='ocr_line' id='line_1_26' title="bbox 152 2865 1217 2945; baseline 0.001 -24"><span class='ocrx_word' id='word_1_223' title='bbox 152 2865 264 2921; x_wconf 79' lang='lat' dir='ltr'><strong>Pmrsus</strong></span> <span class='ocrx_word' id='word_1_224' title='bbox 276 2871 310 2922; x_wconf 89' lang='lat' dir='ltr'><strong>ab</strong></span> <span class='ocrx_word' id='word_1_225' title='bbox 322 2871 664 2945; x_wconf 74' lang='lat' dir='ltr'><strong>utrisque...»Etalibipas·</strong></span> <span class='ocrx_word' id='word_1_226' title='bbox 705 2872 767 2938; x_wconf 80' lang='lat' dir='ltr'><strong>llis,</strong></span> <span class='ocrx_word' id='word_1_227' title='bbox 790 2889 848 2944; x_wconf 70' lang='lat' dir='ltr'><strong>quo</strong></span> <span class='ocrx_word' id='word_1_228' title='bbox 874 2883 934 2924; x_wconf 84' lang='lat' dir='ltr'><strong>ante</strong></span> <span class='ocrx_word' id='word_1_229' title='bbox 959 2868 1029 2923; x_wconf 88' lang='lat' dir='ltr'><strong>dicta</strong></span> <span class='ocrx_word' id='word_1_230' title='bbox 1053 2883 1130 2936; x_wconf 87' lang='lat' dir='ltr'><strong>sunt,</strong></span> <span class='ocrx_word' id='word_1_231' title='bbox 1155 2869 1217 2923; x_wconf 82' lang='lat' dir='ltr'><strong>satis</strong></span> 
     </span>
     <span class='ocr_line' id='line_1_27' title="bbox 151 2946 1218 3025; baseline 0.002 -25"><span class='ocrx_word' id='word_1_232' title='bbox 151 2946 209 3002; x_wconf 72' lang='lat' dir='ltr'><strong>um.</strong></span> <span class='ocrx_word' id='word_1_233' title='bbox 226 2948 284 3002; x_wconf 88' lang='lat' dir='ltr'><strong>Hoc</strong></span> <span class='ocrx_word' id='word_1_234' title='bbox 303 2968 367 3004; x_wconf 77' lang='lat' dir='ltr'><strong>aero</strong></span> <span class='ocrx_word' id='word_1_235' title='bbox 386 2952 537 3006; x_wconf 86' lang='lat' dir='ltr'><strong>monuimus</strong></span> <span class='ocrx_word' id='word_1_236' title='bbox 554 2955 663 3025; x_wconf 88' lang='lat' dir='ltr'><strong>nequis</strong></span> <span class='ocrx_word' id='word_1_237' title='bbox 705 2953 858 3005; x_wconf 84' lang='lat' dir='ltr'><strong>monuimus</strong></span> <span class='ocrx_word' id='word_1_238' title='bbox 885 2951 1000 3002; x_wconf 89' lang='lat' dir='ltr'><strong>multum</strong></span> <span class='ocrx_word' id='word_1_239' title='bbox 1031 2969 1140 3015; x_wconf 83' lang='lat' dir='ltr'><strong>errare,</strong></span> <span class='ocrx_word' id='word_1_240' title='bbox 1170 2951 1218 3021; x_wconf 88' lang='lat' dir='ltr'><strong>qui</strong></span> 
     </span>
     <span class='ocr_line' id='line_1_28' title="bbox 152 3026 1216 3104; baseline 0.005 -25"><span class='ocrx_word' id='word_1_241' title='bbox 152 3026 185 3079; x_wconf 84' lang='lat' dir='ltr'><strong>ab</strong></span> <span class='ocrx_word' id='word_1_242' title='bbox 199 3027 233 3080; x_wconf 85' lang='lat' dir='ltr'><strong>iis</strong></span> <span class='ocrx_word' id='word_1_243' title='bbox 248 3027 404 3094; x_wconf 86' lang='lat' dir='ltr'><strong>deludatur,</strong></span> <span class='ocrx_word' id='word_1_244' title='bbox 424 3032 485 3103; x_wconf 84' lang='lat' dir='ltr'><strong>qui,</strong></span> <span class='ocrx_word' id='word_1_245' title='bbox 505 3033 566 3103; x_wconf 85' lang='lat' dir='ltr'><strong>quia</strong></span> <span class='ocrx_word' id='word_1_246' title='bbox 587 3053 662 3104; x_wconf 85' lang='lat' dir='ltr'><strong>oppu-</strong></span> <span class='ocrx_word' id='word_1_247' title='bbox 705 3032 762 3085; x_wconf 86' lang='lat' dir='ltr'><strong>sine</strong></span> <span class='ocrx_word' id='word_1_248' title='bbox 773 3028 973 3096; x_wconf 84' lang='lat' dir='ltr'><strong>lidecodicum‚</strong></span> <span class='ocrx_word' id='word_1_249' title='bbox 985 3043 1115 3102; x_wconf 76' lang='lat' dir='ltr'><strong>etmagno</strong></span> <span class='ocrx_word' id='word_1_250' title='bbox 1125 3048 1216 3088; x_wconf 86' lang='lat' dir='ltr'><strong>sensus</strong></span> 
     </span>
     <span class='ocr_line' id='line_1_29' title="bbox 148 3106 1213 3188; baseline 0.005 -29"><span class='ocrx_word' id='word_1_251' title='bbox 148 3125 227 3176; x_wconf 70' lang='lat' dir='ltr'><strong>gnare</strong></span> <span class='ocrx_word' id='word_1_252' title='bbox 237 3106 272 3161; x_wconf 90' lang='lat' dir='ltr'><strong>de</strong></span> <span class='ocrx_word' id='word_1_253' title='bbox 282 3111 394 3164; x_wconf 83' lang='lat' dir='ltr'><strong>obsessis</strong></span> <span class='ocrx_word' id='word_1_254' title='bbox 404 3131 459 3164; x_wconf 91' lang='lat' dir='ltr'><strong>non</strong></span> <span class='ocrx_word' id='word_1_255' title='bbox 471 3112 508 3164; x_wconf 86' lang='lat' dir='ltr'><strong>ita</strong></span> <span class='ocrx_word' id='word_1_256' title='bbox 522 3111 662 3166; x_wconf 85' lang='lat' dir='ltr'><strong>commode</strong></span> <span class='ocrx_word' id='word_1_257' title='bbox 704 3110 881 3177; x_wconf 85' lang='lat' dir='ltr'><strong>detrimento,</strong></span> <span class='ocrx_word' id='word_1_258' title='bbox 896 3115 968 3162; x_wconf 83' lang='lat' dir='ltr'><strong>sicuti</strong></span> <span class='ocrx_word' id='word_1_259' title='bbox 976 3110 1004 3162; x_wconf 91' lang='lat' dir='ltr'><strong>in</strong></span> <span class='ocrx_word' id='word_1_260' title='bbox 1014 3111 1090 3162; x_wconf 82' lang='lat' dir='ltr'><strong>sicubi</strong></span> <span class='ocrx_word' id='word_1_261' title='bbox 1102 3120 1213 3188; x_wconf 74' lang='lat' dir='ltr'><strong>rqntant.</strong></span> 
     </span>
     <span class='ocr_line' id='line_1_30' title="bbox 150 3184 1215 3264; baseline 0.002 -25"><span class='ocrx_word' id='word_1_262' title='bbox 150 3184 298 3248; x_wconf 82' lang='lat' dir='ltr'><strong>diceretur,</strong></span> <span class='ocrx_word' id='word_1_263' title='bbox 312 3209 422 3262; x_wconf 72' lang='lat' dir='ltr'><strong>pugnare</strong></span> <span class='ocrx_word' id='word_1_264' title='bbox 437 3203 482 3244; x_wconf 86' lang='lat' dir='ltr'><strong>aut</strong></span> <span class='ocrx_word' id='word_1_265' title='bbox 495 3211 662 3264; x_wconf 74' lang='lat' dir='ltr'><strong>propugnare,</strong></span> <span class='ocrx_word' id='word_1_266' title='bbox 704 3192 810 3246; x_wconf 88' lang='lat' dir='ltr'><strong>—Niti</strong></span> <span class='ocrx_word' id='word_1_267' title='bbox 819 3190 963 3262; x_wconf 76' lang='lat' dir='ltr'><strong>carpoiibaa.</strong></span> <span class='ocrx_word' id='word_1_268' title='bbox 978 3189 1020 3242; x_wconf 83' lang='lat' dir='ltr'><strong>sie</strong></span> <span class='ocrx_word' id='word_1_269' title='bbox 1034 3207 1145 3262; x_wconf 77' lang='lat' dir='ltr'><strong>corpora</strong></span> <span class='ocrx_word' id='word_1_270' title='bbox 1157 3208 1215 3246; x_wconf 84' lang='lat' dir='ltr'><strong>mo·</strong></span> 
     </span>
     <span class='ocr_line' id='line_1_31' title="bbox 149 3266 1215 3343; baseline 0.002 -24"><span class='ocrx_word' id='word_1_271' title='bbox 149 3280 243 3320; x_wconf 77' lang='lat' dir='ltr'><strong>oontm</strong></span> <span class='ocrx_word' id='word_1_272' title='bbox 256 3269 332 3323; x_wconf 87' lang='lat' dir='ltr'>MSS.</span> <span class='ocrx_word' id='word_1_273' title='bbox 349 3289 441 3324; x_wconf 81' lang='lat' dir='ltr'><strong>omnes</strong></span> <span class='ocrx_word' id='word_1_274' title='bbox 454 3266 597 3343; x_wconf 66' lang='lat' dir='ltr'><strong>reponunt</strong></span> <span class='ocrx_word' id='word_1_275' title='bbox 614 3273 663 3327; x_wconf 86' lang='lat' dir='ltr'><strong>Ce-</strong></span> <span class='ocrx_word' id='word_1_276' title='bbox 703 3289 779 3334; x_wconf 80' lang='lat' dir='ltr'><strong>vere,</strong></span> <span class='ocrx_word' id='word_1_277' title='bbox 792 3283 822 3323; x_wconf 89' lang='lat' dir='ltr'><strong>ut</strong></span> <span class='ocrx_word' id='word_1_278' title='bbox 831 3270 858 3321; x_wconf 90' lang='lat' dir='ltr'><strong>in</strong></span> <span class='ocrx_word' id='word_1_279' title='bbox 869 3271 972 3322; x_wconf 87' lang='lat' dir='ltr'><strong>hostem</strong></span> <span class='ocrx_word' id='word_1_280' title='bbox 986 3269 1036 3322; x_wconf 85' lang='lat' dir='ltr'><strong>niti</strong></span> <span class='ocrx_word' id='word_1_281' title='bbox 1047 3281 1073 3321; x_wconf 88' lang='lat' dir='ltr'><strong>et</strong></span> <span class='ocrx_word' id='word_1_282' title='bbox 1086 3269 1215 3340; x_wconf 86' lang='lat' dir='ltr'><strong>impetum</strong></span> 
     </span>
    </p>
   </div>
   <div class='ocr_carea' id='block_1_4' title="bbox 43 3347 1215 3426">
    <p class='ocr_par' dir='ltr' id='par_1_4' title="bbox 43 3347 1215 3426">
     <span class='ocr_line' id='line_1_32' title="bbox 43 3347 1215 3426; baseline -0.001 -26"><span class='ocrx_word' id='word_1_283' title='bbox 43 3347 44 3352; x_wconf 70' lang='grc'>’</span> <span class='ocrx_word' id='word_1_284' title='bbox 148 3357 237 3400; x_wconf 83' lang='lat' dir='ltr'><strong>terum</strong></span> <span class='ocrx_word' id='word_1_285' title='bbox 260 3361 357 3404; x_wconf 79' lang='lat' dir='ltr'><strong>nostre</strong></span> <span class='ocrx_word' id='word_1_286' title='bbox 380 3351 516 3406; x_wconf 80' lang='lat' dir='ltr'><strong>sententiaa</strong></span> <span class='ocrx_word' id='word_1_287' title='bbox 540 3351 661 3406; x_wconf 87' lang='lat' dir='ltr'><strong>Cortinm</strong></span> <span class='ocrx_word' id='word_1_288' title='bbox 703 3349 789 3404; x_wconf 82' lang='lat' dir='ltr'><strong>lacere</strong></span> <span class='ocrx_word' id='word_1_289' title='bbox 808 3347 970 3401; x_wconf 84' lang='lat' dir='ltr'><strong>riderentur.</strong></span> <span class='ocrx_word' id='word_1_290' title='bbox 986 3379 1026 3390; x_wconf 91' lang='lat'>-</span> <span class='ocrx_word' id='word_1_291' title='bbox 1041 3347 1154 3426; x_wconf 56' lang='lat' dir='ltr'><strong>Agnae.</strong></span> <span class='ocrx_word' id='word_1_292' title='bbox 1171 3348 1215 3400; x_wconf 85' lang='lat' dir='ltr'><strong>ln·</strong></span> 
     </span>
    </p>
   </div>
   <div class='ocr_carea' id='block_1_5' title="bbox 143 3430 1214 4154">
    <p class='ocr_par' dir='ltr' id='par_1_5' title="bbox 148 3430 1214 3742">
     <span class='ocr_line' id='line_1_33' title="bbox 148 3430 1015 3500; baseline -0.002 -20"><span class='ocrx_word' id='word_1_293' title='bbox 148 3443 257 3499; x_wconf 85' lang='lat' dir='ltr'><strong>quoque</strong></span> <span class='ocrx_word' id='word_1_294' title='bbox 265 3443 399 3484; x_wconf 82' lang='lat' dir='ltr'><strong>auctorem</strong></span> <span class='ocrx_word' id='word_1_295' title='bbox 406 3430 542 3485; x_wconf 71' lang='grc' dir='ltr'><strong>Ιιὼεῐιιιιε.</strong></span> <span class='ocrx_word' id='word_1_296' title='bbox 552 3432 662 3486; x_wconf 69' lang='lat' dir='ltr'><strong>-Avt</strong></span> <span class='ocrx_word' id='word_1_297' title='bbox 703 3431 791 3500; x_wconf 77' lang='lat' dir='ltr'><strong>tellige</strong></span> <span class='ocrx_word' id='word_1_298' title='bbox 803 3447 893 3482; x_wconf 86' lang='lat' dir='ltr'><strong>rursus</strong></span> <span class='ocrx_word' id='word_1_299' title='bbox 907 3445 1015 3497; x_wconf 77' lang='lat' dir='ltr'><strong>corpora.</strong></span> 
     </span>
     <span class='ocr_line' id='line_1_34' title="bbox 149 3505 1214 3578; baseline 0.002 -20"><span class='ocrx_word' id='word_1_300' title='bbox 149 3505 390 3576; x_wconf 69' lang='lat' dir='ltr'><strong>da&#39;uaaltaialtaras,</strong></span> <span class='ocrx_word' id='word_1_301' title='bbox 400 3521 445 3564; x_wconf 82' lang='lat' dir='ltr'><strong>etc.</strong></span> <span class='ocrx_word' id='word_1_302' title='bbox 456 3510 566 3565; x_wconf 82' lang='lat' dir='ltr'><strong>SiaLia.</strong></span> <span class='ocrx_word' id='word_1_303' title='bbox 579 3529 615 3576; x_wconf 87' lang='lat'><strong>11,</strong></span> <span class='ocrx_word' id='word_1_304' title='bbox 628 3515 661 3565; x_wconf 73' lang='grc' dir='ltr'><strong>δε</strong></span> <span class='ocrx_word' id='word_1_305' title='bbox 746 3509 772 3563; x_wconf 80' lang='lat'><strong>5.</strong></span> <span class='ocrx_word' id='word_1_306' title='bbox 790 3505 959 3578; x_wconf 80' lang='lat' dir='ltr'><strong>Diffidemiam</strong></span> <span class='ocrx_word' id='word_1_307' title='bbox 979 3509 1022 3558; x_wconf 82' lang='lat' dir='ltr'><strong>rei.</strong></span> <span class='ocrx_word' id='word_1_308' title='bbox 1046 3507 1214 3578; x_wconf 81' lang='lat' dir='ltr'><strong>Desperatio·</strong></span> 
     </span>
     <span class='ocr_line' id='line_1_35' title="bbox 153 3583 1213 3657; baseline -0.001 -16"><span class='ocrx_word' id='word_1_309' title='bbox 153 3585 286 3654; x_wconf 83' lang='lat' dir='ltr'><strong>·Neutcr,</strong></span> <span class='ocrx_word' id='word_1_310' title='bbox 301 3587 366 3643; x_wconf 89' lang='lat' dir='ltr'><strong>dnm</strong></span> <span class='ocrx_word' id='word_1_311' title='bbox 378 3591 483 3644; x_wconf 85' lang='lat' dir='ltr'><strong>hostem</strong></span> <span class='ocrx_word' id='word_1_312' title='bbox 496 3591 661 3657; x_wconf 85' lang='lat' dir='ltr'><strong>vulneraret,</strong></span> <span class='ocrx_word' id='word_1_313' title='bbox 703 3607 766 3642; x_wconf 89' lang='lat' dir='ltr'><strong>nem</strong></span> <span class='ocrx_word' id='word_1_314' title='bbox 787 3588 861 3641; x_wconf 83' lang='lat' dir='ltr'><strong>urbia</strong></span> <span class='ocrx_word' id='word_1_315' title='bbox 882 3583 1050 3656; x_wconf 76' lang='lat' dir='ltr'><strong>occupandae.</strong></span> <span class='ocrx_word' id='word_1_316' title='bbox 1065 3617 1105 3629; x_wconf 90' lang='lat'><em>-</em></span> <span class='ocrx_word' id='word_1_317' title='bbox 1120 3587 1213 3640; x_wconf 75' lang='lat' dir='ltr'><strong>Visere.</strong></span> 
     </span>
     <span class='ocr_line' id='line_1_36' title="bbox 149 3663 1214 3742; baseline -0.002 -20"><span class='ocrx_word' id='word_1_318' title='bbox 149 3667 190 3722; x_wconf 73' lang='lat' dir='ltr'><strong>aui</strong></span> <span class='ocrx_word' id='word_1_319' title='bbox 205 3669 362 3741; x_wconf 78' lang='lat' dir='ltr'><strong>protegendi</strong></span> <span class='ocrx_word' id='word_1_320' title='bbox 377 3671 496 3742; x_wconf 83' lang='lat' dir='ltr'><strong>corporis</strong></span> <span class='ocrx_word' id='word_1_321' title='bbox 509 3689 638 3724; x_wconf 82' lang='lat' dir='ltr'><strong>mernor.»</strong></span> <span class='ocrx_word' id='word_1_322' title='bbox 703 3669 835 3742; x_wconf 78' lang='lat' dir='ltr'><strong>spectare.</strong></span> <span class='ocrx_word' id='word_1_323' title='bbox 853 3666 945 3720; x_wconf 84' lang='lat' dir='ltr'><strong>Glosaa</strong></span> <span class='ocrx_word' id='word_1_324' title='bbox 962 3663 1022 3720; x_wconf 87' lang='lat' dir='ltr'><strong>cod.</strong></span> <span class='ocrx_word' id='word_1_325' title='bbox 1038 3665 1078 3732; x_wconf 86' lang='lat' dir='ltr'><strong>E,</strong></span> <span class='ocrx_word' id='word_1_326' title='bbox 1092 3683 1147 3718; x_wconf 88' lang='lat' dir='ltr'><strong>non</strong></span> <span class='ocrx_word' id='word_1_327' title='bbox 1167 3667 1214 3720; x_wconf 88' lang='lat' dir='ltr'><strong>ab·</strong></span> 
     </span>
    </p>

    <p class='ocr_par' dir='ltr' id='par_1_6' title="bbox 148 3745 1214 3982">
     <span class='ocr_line' id='line_1_37' title="bbox 190 3745 1214 3823; baseline -0.004 -21"><span class='ocrx_word' id='word_1_328' title='bbox 190 3749 217 3802; x_wconf 81' lang='lat'><strong>3.</strong></span> <span class='ocrx_word' id='word_1_329' title='bbox 232 3747 282 3802; x_wconf 82' lang='lat' dir='ltr'><strong>Ubi</strong></span> <span class='ocrx_word' id='word_1_330' title='bbox 292 3752 377 3804; x_wconf 67' lang='lat' dir='ltr'><strong>boatu.</strong></span> <span class='ocrx_word' id='word_1_331' title='bbox 387 3750 500 3804; x_wconf 86' lang='lat' dir='ltr'><strong>Romani</strong></span> <span class='ocrx_word' id='word_1_332' title='bbox 512 3770 602 3804; x_wconf 79' lang='lat' dir='ltr'><strong>muros</strong></span> <span class='ocrx_word' id='word_1_333' title='bbox 612 3770 661 3823; x_wconf 88' lang='lat' dir='ltr'><strong>op·</strong></span> <span class='ocrx_word' id='word_1_334' title='bbox 704 3745 784 3802; x_wconf 85' lang='lat' dir='ltr'><strong>surda</strong></span> <span class='ocrx_word' id='word_1_335' title='bbox 794 3766 855 3802; x_wconf 84' lang='lat' dir='ltr'><strong>sane</strong></span> <span class='ocrx_word' id='word_1_336' title='bbox 865 3766 872 3801; x_wconf 91' lang='lat'><strong>:</strong></span> <span class='ocrx_word' id='word_1_337' title='bbox 886 3747 969 3799; x_wconf 80' lang='lat' dir='ltr'><strong>uidere</strong></span> <span class='ocrx_word' id='word_1_338' title='bbox 978 3765 1030 3798; x_wconf 81' lang='lat' dir='ltr'><strong>caua</strong></span> <span class='ocrx_word' id='word_1_339' title='bbox 1040 3745 1165 3801; x_wconf 60' lang='lat' dir='ltr'><strong>desiderio.</strong></span> <span class='ocrx_word' id='word_1_340' title='bbox 1173 3777 1214 3790; x_wconf 86' lang='lat'><strong>--</strong></span> 
     </span>
     <span class='ocr_line' id='line_1_38' title="bbox 148 3825 1214 3904; baseline 0.001 -25"><span class='ocrx_word' id='word_1_341' title='bbox 148 3829 662 3904; x_wconf 74' lang='lat' dir='ltr'><strong>pugnantes.-Proeluianequestre.Quod</strong></span> <span class='ocrx_word' id='word_1_342' title='bbox 705 3828 846 3884; x_wconf 67' lang='lat' dir='ltr'><strong>Ausonio.</strong></span> <span class='ocrx_word' id='word_1_343' title='bbox 869 3825 935 3892; x_wconf 82' lang='lat' dir='ltr'><strong>Non¹</strong></span> <span class='ocrx_word' id='word_1_344' title='bbox 949 3826 1058 3880; x_wconf 81' lang='lat' dir='ltr'><strong>intentis</strong></span> <span class='ocrx_word' id='word_1_345' title='bbox 1078 3825 1159 3880; x_wconf 92' lang='lat' dir='ltr'><strong>modo</strong></span> <span class='ocrx_word' id='word_1_346' title='bbox 1180 3825 1214 3880; x_wconf 87' lang='lat' dir='ltr'><strong>ad</strong></span> 
     </span>
     <span class='ocr_line' id='line_1_39' title="bbox 148 3905 1212 3982; baseline 0 -22"><span class='ocrx_word' id='word_1_347' title='bbox 148 3923 198 3976; x_wconf 86' lang='lat' dir='ltr'><strong>pro</strong></span> <span class='ocrx_word' id='word_1_348' title='bbox 211 3910 302 3963; x_wconf 82' lang='lat' dir='ltr'><strong>castris</strong></span> <span class='ocrx_word' id='word_1_349' title='bbox 314 3911 536 3966; x_wconf 81' lang='lat' dir='ltr'><strong>committebatur.</strong></span> <span class='ocrx_word' id='word_1_350' title='bbox 704 3909 900 3982; x_wconf 81' lang='lat' dir='ltr'><strong>spectaculum,</strong></span> <span class='ocrx_word' id='word_1_351' title='bbox 916 3905 962 3960; x_wconf 85' lang='lat' dir='ltr'><strong>sed</strong></span> <span class='ocrx_word' id='word_1_352' title='bbox 983 3919 1039 3959; x_wconf 89' lang='lat' dir='ltr'><strong>toto</strong></span> <span class='ocrx_word' id='word_1_353' title='bbox 1063 3907 1152 3961; x_wconf 87' lang='lat' dir='ltr'><strong>animo</strong></span> <span class='ocrx_word' id='word_1_354' title='bbox 1175 3907 1212 3960; x_wconf 83' lang='lat' dir='ltr'><strong>ai·</strong></span> 
     </span>
    </p>

    <p class='ocr_par' dir='ltr' id='par_1_7' title="bbox 143 3986 1213 4154">
     <span class='ocr_line' id='line_1_40' title="bbox 189 3986 1213 4060; baseline -0.003 -17"><span class='ocrx_word' id='word_1_355' title='bbox 189 3994 216 4052; x_wconf 71' lang='lat' dir='ltr'><strong>d.</strong></span> <span class='ocrx_word' id='word_1_356' title='bbox 236 3988 315 4043; x_wconf 80' lang='lat' dir='ltr'><strong>Sicuti</strong></span> <span class='ocrx_word' id='word_1_357' title='bbox 332 3992 412 4044; x_wconf 82' lang='lat' dir='ltr'><strong>audiri</strong></span> <span class='ocrx_word' id='word_1_358' title='bbox 430 4011 446 4042; x_wconf 87' lang='lat' dir='ltr'><strong>a</strong></span> <span class='ocrx_word' id='word_1_359' title='bbox 465 3994 513 4043; x_wconf 80' lang='lat' dir='ltr'><strong>suis</strong></span> <span class='ocrx_word' id='word_1_360' title='bbox 532 4001 576 4043; x_wconf 87' lang='lat' dir='ltr'><strong>aut</strong></span> <span class='ocrx_word' id='word_1_361' title='bbox 598 3993 663 4044; x_wconf 82' lang='lat' dir='ltr'><strong>aemi</strong></span> <span class='ocrx_word' id='word_1_362' title='bbox 704 3989 778 4057; x_wconf 82' lang='lat' dir='ltr'><strong>lixis,</strong></span> <span class='ocrx_word' id='word_1_363' title='bbox 790 4001 817 4048; x_wconf 83' lang='lat' dir='ltr'><strong>et</strong></span> <span class='ocrx_word' id='word_1_364' title='bbox 831 3986 919 4042; x_wconf 85' lang='lat' dir='ltr'><strong>studio</strong></span> <span class='ocrx_word' id='word_1_365' title='bbox 934 4005 1056 4052; x_wconf 83' lang='lat' dir='ltr'><strong>auorum,</strong></span> <span class='ocrx_word' id='word_1_366' title='bbox 1066 3989 1140 4060; x_wconf 80' lang='lat' dir='ltr'><strong>quasi</strong></span> <span class='ocrx_word' id='word_1_367' title='bbox 1154 3987 1213 4042; x_wconf 82' lang='lat' dir='ltr'><strong>uin·</strong></span> 
     </span>
     <span class='ocr_line' id='line_1_41' title="bbox 143 4067 1052 4154; baseline -0.011 -24"><span class='ocrx_word' id='word_1_368' title='bbox 143 4083 249 4138; x_wconf 65' lang='lat' dir='ltr'><strong>mana.</strong></span> <span class='ocrx_word' id='word_1_369' title='bbox 272 4071 337 4128; x_wconf 78' lang='lat' dir='ltr'><strong>Vox</strong></span> <span class='ocrx_word' id='word_1_370' title='bbox 355 4074 427 4132; x_wconf 72' lang='lat' dir='ltr'><strong>aaut</strong></span> <span class='ocrx_word' id='word_1_371' title='bbox 443 4089 498 4132; x_wconf 85' lang='lat' dir='ltr'><strong>noa</strong></span> <span class='ocrx_word' id='word_1_372' title='bbox 517 4089 594 4152; x_wconf 77' lang='lat' dir='ltr'><strong>posse</strong></span> <span class='ocrx_word' id='word_1_373' title='bbox 616 4088 661 4127; x_wconf 83' lang='lat' dir='ltr'><strong>eoa</strong></span> <span class='ocrx_word' id='word_1_374' title='bbox 703 4070 765 4134; x_wconf 83' lang='lat' dir='ltr'><strong>aulo</strong></span> <span class='ocrx_word' id='word_1_375' title='bbox 778 4067 909 4154; x_wconf 58' lang='lat' dir='ltr'><strong>modam,</strong></span> <span class='ocrx_word' id='word_1_376' title='bbox 923 4067 1052 4120; x_wconf 75' lang='lat' dir='ltr'><strong>adstrictis.</strong></span> 
     </span>
    </p>
   </div>
   <div class='ocr_carea' id='block_1_6' title="bbox 961 4161 1027 4247">
    <p class='ocr_par' dir='ltr' id='par_1_8' title="bbox 961 4161 1027 4247">
     <span class='ocr_line' id='line_1_42' title="bbox 961 4161 1027 4247; baseline -0.015 0"><span class='ocrx_word' id='word_1_377' title='bbox 961 4161 1027 4247; x_wconf 76' lang='lat'><strong>16³</strong></span> 
     </span>
    </p>
   </div>
   <div class='ocr_carea' id='block_1_7' title="bbox 0 0 1474 4654">
    <p class='ocr_par' dir='ltr' id='par_1_9' title="bbox 0 0 1474 4654">
     <span class='ocr_line' id='line_1_43' title="bbox 0 0 1474 4654; baseline 0 5"><span class='ocrx_word' id='word_1_378' title='bbox 0 0 1474 4654; x_wconf 95' lang='lat' dir='ltr'><strong> </strong></span> 
     </span>
    </p>
   </div>
  </div>
 </body>
</html>
