2938 4654
244 341 321 432 254
507 346 545 413 C.
575 345 751 413 CRISPI
779 345 1057 412 SALLUSTII

242 478 383 562 midine,
404 491 463 546 aut
482 477 680 547 ostentando
700 477 852 572 praemia,
870 473 1077 545 adfectare²:
1101 475 1308 546 communire

242 610 320 681 suos
338 583 452 654 locos:
470 609 576 672 arma,
595 582 677 673 tela,
698 583 778 670 alia,
789 609 862 678 quae
878 608 935 678 spe
955 585 1045 678 pacis
1067 584 1237 670 amiserat,
1255 607 1305 649 re·

243 693 425 781 ficere‚aut
435 691 808 763 commercari:servitia
820 691 1049 760 Romanorum
1058 687 1242 777 allicere,et
1251 713 1307 757 cos

242 802 356 894 ipsos,
378 800 435 892 qui
456 800 490 866 in
508 797 666 893 presidiis
686 797 797 885 er'ant,
823 797 966 893 pecunia
995 810 1143 865 tentare:
1172 819 1308 891 prorsus

242 905 324 976 nihil
335 905 511 993 intactum,
523 929 630 998 neque
642 907 790 998 quietum
801 905 870 1000 pati
889 930 896 972 :
916 917 1035 972 cuncta
1052 905 1185 998 agitare.
1202 905 1308 997 Igitur

244 1015 445 1101 Vaccenses,
454 997 538 1107 quo³
552 1011 705 1082 Metellus
715 1013 852 1098 initio,J
855 1011 1000 1105 ugurtha
1010 1009 1309 1106 pacificante,prae·

243 1119 362 1189 sidium
381 1122 604 1214 imposuerat,
623 1119 750 1214 fatigati
771 1117 857 1213 regis
878 1115 1065 1212 suppliciis,
1084 1141 1190 1211 neque
1213 1131 1308 1184 antea

243 1227 414 1296 voluntate
433 1226 578 1314 alienati,
594 1211 759 1321 principes
782 1225 923 1294 civitatis
945 1225 1030 1292 inter
1051 1249 1085 1293 se
1107 1225 1307 1318 conjurant:

243 1325 348 1421 (nam
368 1333 510 1428 volgus,
531 1335 579 1400 uti
600 1330 794 1426 plerumque
815 1330 914 1418 solet,
926 1345 960 1398 et
974 1355 1127 1400 maxume
1146 1329 1308 1400 Numida·

243 1466 335 1528 rum,
348 1441 480 1533 ingenio
493 1437 623 1524 mobili,
638 1439 827 1508 seditiosum
840 1451 939 1531 atque
951 1423 1205 1506 discordiosum⁴
1217 1449 1309 1523 erat,

244 1546 403 1640 cupidum
421 1568 584 1614 novarum
602 1569 731 1632 rerum,
744 1545 845 1640 quieti
859 1558 893 1612 et
907 1545 975 1612 otio
990 1543 1167 1613 advorsum
1181 1569 1189 1610 :
1206 1535 1219 1632 )
1232 1541 1309 1610 dein

247 1653 437 1746 compositis
469 1652 554 1718 inter
583 1675 617 1720 se
649 1651 770 1739 rebus,
800 1650 888 1720 diem
916 1651 1051 1720 tertium
1078 1651 1309 1737 constituunt3

245 1757 335 1852 quod
357 1759 383 1826 is
405 1757 506 1826 festus
524 1756 772 1852 celebratusque
794 1781 854 1853 per
874 1781 1007 1828 omnem
1027 1758 1174 1828 Africam
1193 1755 1309 1826 ludum

246 1880 279 1934 et
303 1864 471 1934 lasciviam
492 1865 621 1958 magis,
643 1889 743 1958 quam
773 1864 982 1934 formidinem
1014 1863 1210 1933 ostentabat.
1245 1863 1311 1933 Sed

247 1972 304 2040 ubi
325 1986 455 2066 tempus
484 1970 565 2060 fuit,
597 1974 806 2042 centuriones
831 1971 1048 2065 tribunosque
1072 1970 1249 2056 militareS,
1278 1985 1312 2040 et

246 2080 353 2173 ipsum
365 2077 557 2174 preelectum
567 2079 680 2172 oppidi
686 2081 723 2147 T.
731 2077 915 2174 Turpilium
928 2077 1075 2147 Silanum
1083 2131 1092 2166 ,
1101 2078 1183 2148 alius
1193 2075 1309 2164 alium,

246 2185 364 2254 domos
379 2209 453 2254 suas
469 2186 629 2262 invitant:
645 2211 701 2255 eos
718 2211 856 2274 omnes,
874 2200 993 2281 prater
1005 2183 1209 2279 Turpilium,
1225 2185 1310 2253 inter

246 2290 359 2386 epulas
371 2293 587 2361 obtruncant:
600 2308 715 2387 postea
725 2291 845 2362 milites
857 2291 1023 2387 palantes,
1037 2295 1197 2378 inermos,
1208 2293 1308 2386 quip-

247 2423 288 2492 pe
308 2401 342 2466 in
364 2397 421 2468 tali
434 2399 487 2467 dic
503 2423 542 2468 ac
559 2402 628 2468 sine
641 2401 798 2494 imperio,
813 2398 1059 2494 aggreditmtur.
1079 2397 1173 2468 Idem
1195 2396 1309 2492 plebes

135 2581 138 2586 ¹
247 2501 344 2593 facit,
360 2529 438 2599 pars
460 2505 569 2574 edocti
590 2506 633 2574 ab
652 2505 843 2594 nobilitate,
858 2505 913 2574 alii
935 2505 1044 2576 studio
1063 2503 1178 2576 talium
1197 2529 1307 2574 rerum

290 2709 314 2740 2.
331 2687 472 2753 Adficture.
489 2687 553 2739 Suas
575 2687 660 2740 facere
681 2687 754 2740 eniti.
799 2689 986 2758 pronum.Vox
994 2685 1164 2754 rara;Sidon.
1172 2689 1222 2760 Ep.
1230 2708 1308 2754 v1,a:

247 2765 349 2820 Eodem
360 2785 436 2818 sensu
446 2765 516 2817 Vell.
526 2783 564 2830 11,
577 2767 627 2835 39:
642 2766 757 2820 «Gallias
804 2765 899 2819 -Unde
909 2779 936 2818 et
947 2767 1066 2838 suspicor
1075 2768 1149 2820 vobis
1160 2787 1240 2821 unam
1249 2788 1311 2840 pro-

247 2858 354 2919 suspect
367 2845 546 2898 affectavimus
558 2857 584 2896 et
593 2845 753 2899 amisimus·
799 2844 1311 2911 nunciandnmdomumdiseordiosam,li·

290 2928 315 2981 3.
333 2926 476 2986 Vaecenses,
494 2943 555 2996 quo,
575 2937 620 2978 etc.
637 2926 711 2992 Quo,
728 2925 757 2978 id
799 2925 1306 3000 cetinveniatisutramquediseordem.·

247 3018 295 3072 est,
304 3007 333 3058 iu
342 3022 459 3076 quorsum
471 3001 609 3075 oppidum.
619 3037 660 3047 -
667 3005 759 3076 Iugur·-
801 3007 924 3059 Ceterum
934 3005 995 3060 vide
1006 3027 1065 3078 quse
1075 3007 1190 3074 Gellius,
1198 3027 1249 3074 ιιι,
1264 3029 1309 3074 ιι,

248 3087 290 3138 elui
307 3083 459 3157 pacficante.
480 3085 551 3136 Dum
573 3085 703 3156 sugunt·
723 3085 757 3140 de
799 3083 1312 3160 etiv,9,deb0cadjectivoruminclinn·

247 3185 312 3238 pace
330 3178 433 3236 ageret,
454 3177 485 3216 ut
502 3162 604 3218 dictum
625 3179 664 3218 est
678 3185 757 3238 supr·
782 3176 889 3219 'mento
900 3165 1021 3232 disseret,
1035 3169 1123 3239 qualia
1137 3182 1199 3222 sunt
1211 3171 1310 3238 religio·

246 3247 346 3300 XLVI.
361 3275 402 3288 -
421 3243 557 3316 Suppliciis.
574 3245 707 3299 Precibus.
717 3279 757 3290 -
799 3267 846 3308 sus,
856 3251 1037 3317 superstitiosus,
1047 3247 1167 3312 verbosus,
1178 3254 1308 3320 panorm,

246 3327 312 3381 Nam
324 3325 420 3395 uolgus.
436 3324 510 3378 Dixit
524 3345 578 3378 non
591 3327 700 3399 propria
712 3347 758 3380 vo·
793 3328 917 3394 famosus,
930 3325 1061 3397 efficacem,
1071 3333 1202 3399 speciosus,
1211 3331 1309 3397 sormo-

246 3407 348 3460 luntate
364 3406 505 3477 impulsos,
521 3405 567 3459 sed
586 3407 684 3461 evictos
698 3427 758 3480 pre·
799 3426 851 3469 sus,
868 3419 911 3459 etc.
928 3408 994 3472 Quo
1010 3410 1099 3462 omnia
1115 3407 1252 3482 Nigidius,
1267 3409 1312 3463 ci·

244 3488 319 3542 cibus
338 3486 354 3537 J
357 3485 477 3557 ugurtha
494 3487 628 3558 principes
644 3487 757 3541 civitatis
799 3487 901 3539 cer-onis
919 3505 1036 3554 comus,
1051 3489 1200 3559 significare
1216 3501 1309 3562 putat,

246 3569 274 3620 in
282 3569 415 3620 Romanos
423 3569 581 3636 conjurasse.
592 3567 617 3620 N
619 3587 670 3622 une
677 3565 756 3634 dicit,
800 3585 902 3620 corruis
911 3569 1038 3638 quemdam
1049 3587 1215 3622 ruonrcrur
1226 3574 1262 3621 rei
1270 3589 1311 3621 su·

246 3645 319 3719 quod
335 3643 368 3698 ad
382 3645 487 3717 plebem
499 3646 604 3714 attinet,
617 3666 651 3700 ne
666 3667 757 3720 preces
794 3666 841 3717 per
856 3666 903 3718 qua
918 3647 1048 3712 dicuntum
1066 3647 1113 3702 sed
1126 3669 1185 3721 quas
1206 3667 1311 3704 coeam

244 3725 353 3798 quidem
372 3737 417 3777 eut
438 3725 648 3796 conjurationem
671 3747 757 3781 neces·
798 3725 938 3792 duntaxat,
951 3740 977 3780 et
985 3729 1083 3798 plenem
1095 3734 1130 3783 rei
1139 3734 1310 3800 possessiouem

244 3807 324 3860 sarias
340 3805 431 3870 luisse,
448 3818 478 3857 ut
493 3823 522 3856 ea
535 3821 755 3874 commoveretur,
798 3805 961 3878 significant,
980 3820 1010 3860 ut
1027 3808 1099 3880 apud
1120 3811 1225 3863 Italicos
1241 3808 1312 3863 desi·

243 3885 321 3940 avida
343 3885 442 3957 quippe
466 3903 557 3936 rerum
581 3903 710 3939 novarum
729 3901 756 3941 et
797 3887 887 3940 nentia
897 3887 925 3939 in
935 3907 990 3951 ero,
1003 3888 1074 3960 apud
1089 3907 1150 3956 nos,
1161 3891 1189 3942 in
1202 3911 1311 3942 eum-

243 3977 347 4018 suomet
358 3965 463 4036 ingenio
476 3965 572 4036 quietis
585 3966 731 4038 impatiens.
802 3966 908 4019 Tertium
921 3967 983 4020 duem
995 3973 1148 4023 constituunt.
1163 3970 1224 4024 Scil.
1236 3967 1309 4022 adid

284 4052 311 4108 4.
331 4046 519 4098 Discordieuen.
547 4047 580 4099 ln
608 4044 753 4105 discorfflas
797 4045 947 4101 laciendum
962 4049 990 4100 in
1006 4047 1080 4120 quod
1095 4053 1308 4121 conjuraverant.
