2950 4648
415 391 482 460 DE
510 379 619 460 REP.
648 389 982 462 ORDINANDA.
1153 393 1227 488 477

172 521 250 618 pit:
272 522 376 592 hebes
399 521 528 618 lingua,
545 524 650 617 magis
675 522 780 592 malus
807 547 906 616 quam
928 520 1065 591 callidus
1086 521 1228 616 ingenio.

173 627 266 717 Quid
295 627 348 697 ille
373 629 513 714 audeat,
539 632 593 698 cui
621 628 808 697 consulatus
837 653 1028 698 maxumum
1056 628 1230 724 imperium

173 757 330 803 maxumo
350 735 504 804 dedecori
524 733 610 802 fuit?
630 737 682 803 An
702 737 739 802 L.
761 731 916 803 Domitii¹
940 758 1061 828 magna
1082 736 1132 802 vis
1156 734 1231 803 est?

174 841 268 934 cujus
282 840 408 910 nullum
426 839 612 910 membrum
634 865 654 908 a
669 839 792 934 flagitio
806 853 864 908 aut
880 839 1024 908 facinore
1040 854 1136 908 vacat
1149 865 1157 907 :
1170 839 1230 909 lin·

174 969 240 1041 gua
261 969 363 1033 vana,
381 971 498 1016 manus
516 961 679 1033 cruentae,
702 945 802 1040 pedes
822 945 975 1040 fugaces3
998 969 1071 1039 quae
1093 945 1231 1036 honeste

174 1053 338 1120 nominari
358 1066 539 1146 nequeant,
555 1052 838 1121 inhonestissuma.
853 1053 961 1120 Unius
977 1065 1088 1120 tamen
1102 1053 1151 1120 M.
1167 1053 1227 1120 Ca·

176 1142 283 1226 tonis³
305 1161 470 1252 ingenium
492 1172 683 1244 versutum,
702 1157 841 1252 loquax,
864 1156 1018 1226 callidum
1044 1156 1133 1226 haud
1153 1181 1232 1226 con-

174 1277 298 1332 temno.
323 1266 486 1334 Parantur
506 1264 576 1334 haec
601 1263 773 1358 disciplina
795 1266 1008 1349 Graecorum3
1030 1261 1087 1330 sed
1108 1264 1232 1350 virtus,

174 1439 341 1510 promulgata
355 1440 588 1492 obnunciantem...
604 1438 684 1492 armis
726 1450 752 1490 et
774 1455 835 1490 cum
854 1455 886 1489 eo
908 1449 935 1490 et
951 1435 1118 1508 separatim,
1141 1435 1230 1490 edidit.

178 1518 238 1570 foro
250 1518 358 1589 expulit.
374 1521 411 1571 Ac
428 1532 534 1588 postero
547 1517 590 1570 die
601 1519 628 1570 in
643 1535 682 1570 se·
730 1543 741 1565 «
754 1517 815 1583 Quo
826 1516 924 1569 lactum
936 1529 975 1569 est
988 1513 1091 1587 (iuquit
1104 1517 1175 1569 Suet.
1190 1515 1231 1582 x),

177 1610 243 1650 natu
267 1611 457 1668 conquestum,
477 1617 525 1652 nec
551 1615 684 1668 quoquam
727 1609 757 1650 ut
775 1596 956 1649 communium
969 1601 1083 1667 'quoque
1102 1596 1232 1668 impensa·

176 1689 285 1748 reperto
304 1677 352 1748 qui
367 1696 446 1749 super
468 1678 513 1729 tali
533 1688 684 1730 consterna·
727 1695 786 1729 rum
811 1677 881 1728 solus
907 1676 1016 1747 gratiam
1041 1689 1162 1747 caperem
1183 1695 1232 1730 nec

178 1755 252 1809 tione
271 1757 370 1809 referre
390 1770 435 1810 aut
457 1775 562 1809 censere
584 1753 685 1827 aliquid
727 1755 903 1808 dissimularet
917 1759 972 1826 ejus
986 1756 1082 1826 collega
1095 1756 1133 1808 Μ.
1151 1755 1233 1807 Bibu-

178 1833 288 1888 auderet
303 1873 355 1901 ....,
372 1835 400 1888 in
422 1855 479 1889 eam
492 1837 577 1908 coegit
591 1833 683 1907 despe-
727 1837 768 1888 lus
777 1835 895 1900 evenisse
906 1835 956 1886 sibi
971 1833 1043 1905 quod
1057 1834 1179 1887 Polluci:
1197 1835 1234 1888 Ut

178 1916 324 1980 rationem,
337 1927 381 1978 ut,
393 1914 481 1986 quoad
495 1928 621 1987 potestate
630 1913 685 1968 abi·
727 1915 799 1968 enim
806 1913 1048 1985 geminislratribus
1055 1911 1234 1978 adeuntem

179 1993 321 2063 ret‚domo
331 1993 436 2048 abditus
446 1995 513 2048 nihil
523 1993 594 2047 aliud
605 2012 685 2065 quam
728 1994 888 2058 constituta,
905 2005 1009 2046 tautum
1027 1993 1142 2045 Castoris
1156 2012 1234 2046 vocs-

179 2065 228 2146 per
239 2073 324 2127 edicta
334 2075 515 2127 obnuneiaret.
523 2075 600 2126 Unus
612 2091 643 2126 ex
654 2091 686 2124 eo
728 2085 816 2138 retur;
833 2073 869 2124 ita
883 2091 957 2124 suam
973 2072 1133 2142 Caesarisque
1148 2073 1234 2124 mnni-

181 2166 301 2224 tempore
315 2147 324 2218 [
336 2149 442 2219 Caesar]
458 2154 547 2206 omnia
562 2153 590 2204 in
606 2169 685 2222 rapu·
728 2153 860 2204 licentiam
875 2151 953 2203 unius
967 2151 1074 2203 Casaris
1089 2149 1151 2203 dici.
1171 2178 1182 2198 ι
1201 2152 1233 2203 In

180 2234 248 2286 blica
265 2232 297 2286 ad
310 2233 448 2287 arbitrium
466 2229 682 2286 administravit·
728 2243 842 2303 praetura
854 2243 941 2284 autem
956 2247 1011 2282 nou
1026 2231 1110 2300 major
1123 2247 1234 2283 eoncor-

181 2311 247 2365 ldeo
261 2311 328 2366 dicit
337 2313 407 2366 Vell.
424 2331 461 2378 11,
477 2319 534 2377 44:
553 2309 687 2364 «Bibulus
729 2309 773 2362 dia
798 2310 867 2363 inter
891 2310 982 2362 ambos
1010 2308 1082 2374 tuit,
1104 2327 1183 2380 quam
1205 2311 1233 2362 in

180 2393 280 2463 collega
306 2393 438 2456 Caesaris,
462 2410 544 2462 quum
573 2389 687 2442 actiones
729 2389 874 2443 consulatu.

182 2473 238 2541 ejus
251 2471 333 2542 magis
349 2472 428 2524 vellet
446 2469 590 2542 impedire,
608 2487 688 2540 quam
772 2489 797 2522 a.
814 2471 843 2522 1..
855 2469 966 2521 Domitii.
980 2469 1010 2520 L.
1022 2467 1154 2520 Domitius
1164 2468 1233 2521 Ahe-

185 2563 289 2622 posset‚
301 2553 400 2621 majore
415 2563 490 2623 parte
500 2549 562 2603 anui
574 2547 647 2600 domi
660 2565 688 2600 se
729 2549 862 2602 nobarbus
889 2547 981 2601 consul
1003 2547 1055 2598 fnit
1078 2565 1148 2600 anno
1171 2565 1234 2618 7⁰⁰·

184 2631 277 2683 tenuit.
288 2629 350 2695 Quo
360 2631 428 2684 lacto
438 2628 518 2696 ‚dum
529 2646 623 2700 augere
631 2627 690 2680 vult
730 2627 840 2680 Caesaris
854 2627 881 2680 in
898 2627 968 2679 bello
983 2626 1054 2680 civili
1069 2626 1166 2692 hostis,
1182 2627 1236 2680 acie

184 2708 311 2762 invidiam
341 2711 465 2780 collegae,
493 2709 566 2761 auxit
595 2719 689 2780 poten·
730 2707 878 2762 Pharsalica
888 2706 962 2759 obiit.
972 2707 1036 2776 Ejus
1044 2703 1162 2759 indolem
1173 2725 1238 2776 pra·

185 2789 259 2842 tiam.
277 2815 288 2836 ι
305 2788 376 2842 Vide
392 2789 471 2842 etiam
491 2788 605 2860 Appian.
623 2787 689 2840 Bell.
731 2788 861 2860 cipuaque
880 2787 947 2840 iacta
963 2783 1025 2839 vide
1040 2783 1117 2861 apud
1128 2785 1236 2839 Sueton.

186 2870 243 2922 civ.
260 2885 299 2934 n,
313 2880 339 2921 et
354 2869 524 2921 Plutarchum
539 2869 567 2920 in
580 2868 690 2922 Cessare.
731 2885 789 2940 cap.
804 2885 827 2919 11
841 2866 902 2919 vitu
911 2865 1038 2928 Nemnis,
1054 2867 1128 2936 cujus
1140 2865 1237 2918 abavus

186 2979 226 2994 --
235 2950 267 3002 In
277 2949 424 3000 conahatur
432 2951 518 3019 entpit.
526 2947 594 3000 Tota
603 2945 691 2999 Bibuli
733 2947 866 3000 Domitius
875 2947 920 2998 hic
931 2956 1021 2998 noster
1032 2945 1091 2998 tuis
1102 2943 1186 3016 Hujus
1196 2942 1239 2996 ad·

187 3028 271 3080 virtus
285 3039 364 3100 atque
376 3025 505 3080 fortitudo
516 3027 544 3078 iu
561 3028 617 3098 ejus
630 3043 693 3079 eon·
734 3027 787 3079 huc
795 3027 907 3080 viventis
915 3025 1015 3077 mentio
1024 3023 1163 3100 confirmat
1171 3025 1239 3076 hane

188 3108 300 3160 sulatum
322 3127 350 3161 se
370 3107 505 3172 contulit,
525 3105 693 3176 collectisque
735 3107 884 3177 epistolam,
900 3117 962 3156 ante
980 3103 1156 3156 Pharsalicam
1172 3121 1239 3174 pug-

189 3187 289 3240 virihus
312 3187 408 3258 erupit.
429 3185 473 3239 Sic
494 3186 549 3238 lere
564 3185 621 3238 cic.
642 3201 693 3254 pro
735 3203 816 3249 nam,
832 3185 956 3254 scriptam
967 3182 1055 3235 luisse.

189 3267 259 3320 Mur.
275 3284 387 3320 amin.
410 3292 421 3314 ι
437 3265 552 3328 Οιιιιιίι,
566 3281 625 3334 quai
646 3280 694 3334 per
784 3264 809 3316 3.
834 3263 951 3315 Unico...
969 3261 1006 3314 Μ.
1025 3261 1133 3313 Catonis.
1155 3261 1240 3313 Multo

189 3346 240 3398 laoe
260 3347 405 3400 triennium
424 3346 517 3416 agitata
533 3354 595 3396 sunt
595 3379 643 3404 .....
666 3341 693 3392 in
737 3342 836 3412 nquius
852 3339 981 3410 judicium
998 3337 1032 3390 de
1049 3339 1148 3391 Catone
1168 3340 1240 3405 tulit,

190 3425 238 3480 bos
252 3424 326 3490 dies,
349 3427 376 3478 in
400 3426 449 3478 hos
463 3441 578 3486 meum,
599 3421 628 3473 in
643 3419 694 3472 hoc
737 3415 1241 3487 Catil.LlV.Nempedemortuo‚sine

191 3517 294 3577 tempus
308 3517 459 3576 erumpunt.
484 3529 495 3550 ι
518 3533 558 3545 -
578 3500 695 3553 Maxumo
737 3501 776 3552 ira
791 3511 817 3550 et
837 3495 951 3562 invidia,
970 3496 1108 3549 sembebat.
1135 3497 1204 3550 Nam
1220 3498 1240 3550 si

190 3585 300 3638 &decori
308 3587 369 3653 suit.
382 3587 504 3636 Attamen
512 3582 596 3634 otium
609 3578 697 3632 Bibuli
737 3597 799 3632 vera
817 3571 903 3649 (quod
917 3595 972 3628 non
985 3572 1159 3638 affirmamus)
1177 3595 1240 3628 con-

191 3682 238 3735 per
250 3665 416 3718 comiatum
429 3663 517 3716 minus
528 3661 611 3733 ipsius
623 3659 696 3728 igna-
736 3662 836 3731 jectum
850 3669 903 3722 est,
924 3673 984 3709 enm
996 3655 1134 3706 historiam
1149 3657 1242 3726 eonju-

192 3745 281 3808 mam,
310 3762 389 3816 mam
411 3743 519 3812 collega
545 3739 697 3792 violentiam
738 3738 848 3792 rationis
868 3753 992 3790 recense
1019 3746 1110 3786 senatu
1131 3736 1242 3804 ejectum

193 3825 287 3894 arguit.
312 3823 409 3894 Magno
427 3841 476 3876 sno
499 3821 568 3872 malo
588 3817 698 3871 Bibulus
739 3817 923 3889 conscripsisse
934 3811 1176 3878 (vid.Catil.111‚n.
1188 3810 1243 3876 14),

193 3913 233 3955 ter
248 3903 374 3974 collegam
394 3903 524 3956 Caesarem
544 3898 654 3962 hebuit,
669 3899 698 3950 in
740 3910 812 3970 patet
824 3911 911 3949 tamen
925 3892 1148 3965 comparationem
1159 3894 1243 3946 Caesa·

193 3979 329 4044 adilitate,
340 3983 368 4034 in
382 3977 698 4053 proetura,inconsulatu.
741 3979 778 4031 ris
793 3989 819 4031 et
826 3976 934 4030 Catonis
945 3973 1028 4026 multo
1035 3972 1132 4040 serius,
1149 3984 1245 4044 etpost

193 4059 287 4114 AEdilis
297 4062 385 4116 &aar
395 4055 698 4128 irrationabilesque,
741 4059 878 4126 utriusque
888 4065 1016 4117 mortem,
1032 4049 1170 4108 addidisse.
