2950 4648
259 362 333 450 ιιι
648 365 927 434 snLLusrrr

309 506 434 572 Tamen
445 501 603 598 vulgata
591 528 678 648 jam9⁶
675 529 727 574 res
738 521 788 574 est
806 505 977 601 gentilium
993 505 1240 601 proprietatum.
1254 505 1319 570 Co-

256 611 331 678 mici
325 609 498 704 Phrygas
516 597 678 680 timidos⁹⁶
693 611 844 682 illudunt
860 612 1031 682 Sallustius
1042 637 1146 681 vanos
1162 613 1319 686 Mauros,

257 729 291 785 et
310 715 435 784 feroces
458 714 629 785 Dalmatas
642 716 760 812 pulsat
779 721 917 788 Tertull.
936 719 980 788 de
1000 721 1139 788 Aru'mm

310 825 501 892 sarcasmus
531 821 720 893 chleuasmo
744 828 896 920 proxima
921 840 970 894 est
997 839 1030 892 et
1052 823 1163 894 similis
1187 822 1318 916 figura,

256 953 322 1022 qua
336 928 599 998 adversariorum
619 929 722 1017 sacta,
741 955 817 1000 curn
836 933 1086 1001 exacerbatione
1106 929 1254 1014 admissi,
1273 925 1317 994 la·

256 1036 483 1104 cessimuszut
495 1035 584 1131 apud
602 1035 791 1106 Sallustium
810 1038 851 1107 de
872 1036 970 1107 Sullae
991 1035 1192 1107 crudelitate.
1214 1037 1263 1104 Ut
1284 1033 1316 1100 in

256 1143 302 1210 M.
316 1144 425 1210 Mario
439 1168 559 1236 quum,
573 1143 675 1212 fracta
693 1145 784 1239 prius
798 1143 940 1234 crura⁹⁷,
952 1141 1012 1240 per
1022 1159 1114 1214 artus
1125 1143 1313 1237 exspiraret

253 1249 317 1316 lul.
337 1249 542 1338 Rtfinianur
563 1249 607 1318 de
627 1250 795 1320 Schemat.
815 1253 943 1320 lexeos.

307 1356 571 1450 Mesopotameni
588 1343 771 1426 Ιιοιιιιιιιιε98
793 1357 962 1427 effrenata
984 1355 1137 1425 lubidinis
1159 1368 1258 1440 sunt,
1280 1366 1315 1420 ut

253 1459 426 1530 Sallustius
444 1465 608 1550 meminit,
629 1466 662 1530 in
684 1477 826 1558 utroque
844 1489 932 1532 sexu.
959 1465 1095 1534 Glossoe
1112 1470 1148 1532 in
1165 1459 1314 1531 AtvenaL

306 1568 468 1636 Antonius
480 1565 565 1636 ille⁹⁹
580 1571 680 1637 tn'um
690 1573 909 1639 Antoniorum
926 1585 1114 1666 corruptor,
1127 1567 1180 1637 ille
1195 1565 1315 1636 Sallus·

254 1676 335 1762 tius,
351 1675 408 1767 qui
428 1698 495 1742 orae
513 1675 701 1763 maritimae,
720 1700 786 1770 qun
807 1679 995 1746 Romanum
1017 1691 1101 1745 esset
1122 1675 1314 1771 imperium,

254 1781 438 1848 contrarius
465 1781 587 1874 piratis.
611 1783 644 1850 Si
669 1808 784 1852 omnes
810 1784 916 1852 socios
945 1797 978 1850 et
1006 1807 1159 1851 maxume
1181 1785 1312 1852 Graecos

252 1887 413 1955 Asiaticos
432 1910 470 1954 ac
492 1885 619 1956 Siculos
638 1885 779 1957 fortunis
801 1889 954 1958 omnibus
972 1887 1206 1984 spoliaverunt.
1229 1889 1312 1956 Eoe·

253 1993 329 2062 dem
352 1993 495 2062 Glossoe.

307 2100 478 2166 Σαλλουσέ
447 2126 512 2166 ιου
539 2091 574 2166 δὲ
601 2096 761 2193 θαυμάζω,
784 2104 857 2169 τότε
884 2110 1005 2196 πρῶτον
1037 2099 1134 2194 ὦφθαι
1164 2085 1311 2190 Ῥωμαίοις

254 2209 431 2298 καμήλους,
453 2206 663 2301 λέγοντος,
636 2233 661 2273 ει
687 2211 765 2298 μητε
787 2210 932 2302 πρότερον
956 2210 1027 2286 τοὺς
1050 2206 1130 2300 μετὰ
1151 2205 1311 2280 Σκιπίωνος

254 2315 436 2391 νικήσαντας
461 2302 654 2404 Ᾱντίοχον
633 2337 732 2399 ῳιτο,
757 2317 834 2406 μήτε
858 2315 928 2393 τους
957 2317 1153 2410 ἕναγχοςρ
1111 2341 1135 2381 π
1138 2315 1186 2407 pic
1212 2298 1311 2405 ὒρχο-

254 2429 357 2511 μενῷ,
383 2418 434 2486 καὶ
459 2415 527 2512 περὶ
550 2421 739 2512 Χαιρώνειαν
767 2411 916 2513 Ᾱρχιλάῳ
942 2424 1194 2514 μεμαχηυένιυς,
1222 2421 1311 2513 ἔγνω-

253 2527 335 2592 κέναι
353 2524 501 2617 κάμηλον·
518 2525 565 2594 Id
582 2541 659 2592 est:
680 2524 869 2596 Sallustium
891 2527 1052 2614 demiror,
1070 2527 1127 2620 qui
1146 2537 1313 2607 autumat,

253 2646 324 2698 tum
338 2633 483 2724 primum
493 2629 530 2654 ¹⁰⁰
547 2632 635 2700 visos
650 2632 808 2704 Romanis
825 2631 984 2719 camelos,
1004 2633 1092 2727 quod
1112 2655 1219 2726 neque
1235 2628 1312 2699 olim

252 2735 325 2805 illos
346 2737 402 2830 qui
419 2737 503 2805 duce
518 2737 669 2831 Scipione
683 2739 883 2809 Antiochum
899 2739 1106 2826 devicerunt,
1126 2763 1234 2833 neque
1252 2737 1311 2805 hos

226 2963 230 2972 '
296 2955 342 3021 96.
358 2952 472 3023 Phrygas
484 2951 586 3006 timidos.
600 2952 705 3005 scilicet
716 2953 763 3006 ho-
807 2955 885 3009 Curt.
896 2973 923 3020 v,
941 2974 965 3021 1,
975 2970 1002 3008 ct
1014 2955 1052 3008 ihi
1064 2954 1183 3008 Freinsh.
1196 2966 1253 3006 not.
1266 2951 1310 3021 37.

256 3033 340 3085 mines
353 3031 466 3102 regionis
479 3032 615 3084 amoenites
630 3032 761 3100 emolliit;
847 3053 893 3105 99.
915 3035 1036 3088 Antoniam
1058 3036 1106 3088 tta,
1128 3034 1248 3088 Creticus
1267 3033 1313 3088 sti·

255 3131 316 3165 nam
334 3111 422 3165 timidi
442 3129 496 3164 non
521 3125 613 3178 erant,
626 3131 709 3184 quum
729 3133 762 3166 ex
805 3114 882 3180 licet,
897 3114 931 3166 de
947 3134 1000 3186 quo
1022 3134 1117 3188 supra,
1137 3115 1195 3175 111,
1217 3133 1245 3166 n.
1266 3113 1309 3166 55.

255 3193 375 3246 Thraciae
393 3193 465 3244 silvis
484 3191 604 3245 exierunt
620 3188 717 3264 (supra
733 3213 760 3247 n.
805 3226 845 3237 -
863 3193 1002 3266 corruptor.
1023 3195 1077 3263 Qui
1099 3195 1210 3267 gloriam
1231 3193 1311 3246 trium

256 3270 324 3337 86).
338 3273 461 3325 Testatur
473 3272 552 3326 etiam
565 3273 677 3339 musica;
688 3272 762 3344 quod
804 3275 982 3327 Antoniorum
998 3295 1043 3328 sua
1059 3275 1167 3328 infamia
1183 3274 1311 3344 corrupit.

255 3355 274 3406 ii
290 3354 383 3406 modum
397 3353 541 3426 phrygimn,
558 3354 671 3406 maxime
691 3354 761 3406 mili·
805 3353 900 3406 Trium
923 3367 1010 3408 autem
1035 3355 1140 3408 illorum
1162 3353 1312 3406 notissimus

257 3447 355 3497 tarem,
371 3445 398 3484 et
413 3434 537 3486 bellicum
554 3431 654 3505 aliquid
666 3451 761 3486 sonan·
804 3447 843 3486 est
867 3434 904 3488 Μ.
929 3436 1060 3488 Antonius
1081 3447 1189 3491 orator,
1212 3432 1309 3486 Cretici

257 3527 310 3568 tem
319 3515 487 3568 invenerunt.
497 3515 537 3566 De
548 3511 635 3566 modis
648 3513 761 3584 antique
803 3527 887 3584 parer.
913 3547 963 3562 —.
978 3513 1087 3586 Aliquid
1112 3513 1204 3567 manci
1223 3525 1264 3566 ost
1284 3513 1311 3564 iu

257 3593 385 3658 musices,
399 3591 461 3646 vide
476 3594 515 3645 De
530 3592 645 3660 Brosses,
660 3611 700 3659 ιι,
714 3597 759 3661 69.
803 3605 891 3646 cetero
906 3594 1061 3666 fragmento.

295 3675 447 3744 97.Fracta
454 3677 523 3742 prius
535 3691 616 3725 crura.
631 3675 761 3726 Accusati·
848 3691 908 3726 roo.
940 3676 1000 3726 Tum
1016 3677 1126 3746 primum.
1150 3679 1182 3724 ln
1205 3689 1308 3745 pugna,
1397 3707 1402 3714 -

256 3749 762 3823 vusejusdemmodi,quosupra,sanc·
804 3771 856 3824 qun
881 3753 1044 3808 Mithridatis
1074 3753 1219 3806 exercitum
1243 3749 1311 3803 ludit

255 3833 362 3893 casalia,
377 3829 460 3894 (inter
471 3851 499 3884 n.
509 3835 545 3901 76
560 3842 586 3882 et
596 3829 657 3901 77).
668 3832 708 3883 De
721 3831 758 3886 Μ.
803 3833 947 3900 Lucullus,
959 3854 1013 3887 non
1030 3835 1113 3886 inulto
1123 3846 1184 3904 post
1193 3831 1308 3885 relictam

254 3913 341 3966 Mario
358 3910 418 3964 vide
438 3911 514 3964 Catil.
531 3910 636 3971 Vitam,
650 3929 678 3982 p.
696 3929 759 3980 ¹¹7·
804 3931 891 3983 aroge
905 3914 996 3986 Cyzici
1009 3911 1184 3968 obsidionem.
1199 3911 1268 3968 Plut.
1282 3911 1308 3966 itt

296 3993 341 4059 98.
359 3993 545 4062 Mesopotameni
565 3991 676 4044 leoninas.
690 3989 761 4042 Vide
804 3992 923 4046 Lucullo.

1442 7 1458 401 l

1448 754 1455 1009 ι
