2938 4654
200 302 274 376 290
340 355 341 360 Ν
436 279 474 348 o.
508 277 696 346 cnrsm
729 277 1026 346 ssnnusrn

252 402 476 472 LXXXVIII.
505 399 660 470 Metellus
678 401 804 470 interea
822 401 964 470 Romam
981 399 1166 497 profectus,
1185 425 1263 471 cou-

198 527 248 582 tra
269 534 362 604 spem
381 532 492 591 suam,
505 505 688 577 laetissumis
707 508 824 578 animis
843 507 1041 602 excipitur¹3
1058 505 1147 604 plebi
1163 509 1263 603 patri-

196 617 346 709 busque,
372 628 547 709 postquam
572 614 696 683 invidia
721 611 927 702 decesserat,
950 614 1044 710 juxta
1069 638 1174 684 carus.
1199 614 1265 684 Sed

197 723 324 794 Marius
359 722 498 816 impigre
530 719 776 815 prudenterque
806 745 942 790 suorum
973 735 1007 790 et
1035 721 1179 790 bostium
1212 745 1265 790 res

197 829 323 924 pariter
348 827 541 915 attendere3
566 851 766 922 cognoscere
793 826 872 920 quid
900 826 981 896 boni
1008 830 1181 921 utrisque,
1207 841 1266 898 aut

198 949 315 1004 contra
336 948 421 1004 esset
431 960 440 1022 ;
452 932 624 1028 explorare
642 935 760 1002 itinera
780 957 914 1027 regum,
930 932 1068 1004 consilia
1083 948 1121 1003 ct
1134 931 1265 1002 insidias

198 1042 407 1126 antevenire;
435 1041 516 1112 nihil
544 1039 634 1135 apud
660 1065 694 1109 se
718 1041 910 1124 remissum,
936 1065 1043 1134 neque
1076 1038 1164 1134 apud
1192 1037 1265 1110 illos

197 1132 306 1216 tutum
329 1149 407 1241 pati.
434 1149 553 1241 Itaque
576 1161 611 1216 et
631 1144 796 1234 Gaetulos,
817 1160 852 1214 et
868 1147 1087 1240 Iugurtham,
1109 1171 1151 1216 ex
1171 1145 1266 1215 sociis

198 1255 319 1324 nostris
335 1251 481 1347 praedam
494 1268 645 1348 agentes,
657 1276 743 1347 saepe
756 1276 931 1348 aggressus
943 1255 978 1322 in
988 1254 1104 1324 itinere
1120 1251 1266 1339 fuderat3

198 1361 373 1454 ipsumque
391 1384 502 1453 regem
518 1358 609 1428 baud
623 1356 741 1452 procul
756 1358 798 1427 ab
807 1359 937 1454 ¹oppido
952 1359 1045 1428 Cirta
1056 1359 1155 1433 aruris
1169 1382 1267 1428 exue·

199 1465 276 1536 rat'.
297 1467 381 1552 Quas
403 1480 578 1558 postquam
597 1463 740 1559 gloriosa
762 1465 878 1552 modo,
896 1489 1003 1559 neque
1021 1463 1099 1536 belli
1116 1463 1269 1558 patrandi
1294 1503 1295 1508 κ

200 1572 374 1666 cognovit,
396 1572 510 1640 statuit
525 1571 644 1653 urbes,
662 1596 735 1664 quae
754 1572 833 1640 viris
851 1587 909 1640 aut
926 1570 1000 1644 loco
1019 1597 1081 1666 pro
1103 1571 1269 1657 hostibus,

200 1691 234 1746 et
251 1675 430 1745 advorsum
449 1701 483 1745 se
501 1678 801 1771 opportunissumae
827 1693 938 1765 erant,
960 1677 1104 1772 singulas
1123 1679 1268 1746 circum·

200 1784 338 1852 venire:
360 1784 405 1851 itu
422 1782 621 1878 Iugurtham
642 1797 700 1852 aut
722 1783 879 1877 praesidiis
902 1783 1081 1872 nudatum,
1100 1785 1128 1854 si
1149 1807 1188 1854 ea
1205 1805 1269 1877 pa·

203 1903 345 1976 teretur,
358 1903 417 1958 aut
433 1887 545 1983 praelio
562 1903 776 1959 certaturum.
791 1892 880 1960 Nam
900 1890 1052 1960 Buccbus
1068 1891 1207 1962 nuncios
1226 1889 1271 1958 ad

202 2021 278 2064 eum
294 2019 380 2090 saepe
393 1997 544 2084 miserat,
559 1994 644 2064 velle
657 1995 772 2090 populi
784 1999 912 2067 romani
926 1998 1122 2084 arnicitiam3
1134 2021 1175 2064 ne
1189 1994 1271 2089 quid

107 2157 114 2172 .
204 2102 246 2172 ab
269 2127 303 2170 se
324 2101 442 2172 hostile
469 2104 607 2172 timeret.
627 2101 669 2172 Id
689 2102 952 2188 simulaveritne,
980 2129 1047 2197 quo
1073 2102 1271 2197 improvisus

204 2210 337 2304 gravior
352 2194 545 2302 accideret³,
558 2233 601 2278 an
619 2207 800 2278 mobilitate
819 2210 941 2303 ingenii
957 2234 1074 2306 pacem
1088 2223 1187 2303 atque
1201 2205 1270 2278 bel·

81 2349 86 2364 ·
204 2313 274 2384 lum
296 2330 426 2385 mutare
448 2314 580 2402 solitus,
595 2337 713 2410 parum
736 2313 953 2410 exploratum.

246 2499 310 2552 Cer.
327 2497 507 2551 LXXXVIII.
528 2516 552 2552 1.
570 2493 717 2550 laetissumis
761 2511 802 2551 ter
827 2517 961 2570 aggressus
985 2511 1059 2566 erat,
1074 2511 1105 2552 ut
1127 2517 1173 2552 rex
1200 2517 1274 2551 arm

207 2581 293 2631 animis
308 2581 431 2648 cespitat.
448 2577 542 2648 Neque
556 2589 660 2630 tantum
675 2595 719 2630 ex·
762 2577 911 2649 relinquere
926 2591 1032 2631 coactus
1047 2578 1134 2631 fuerit.
1151 2577 1194 2631 Sic
1209 2575 1275 2630 dici·

208 2670 299 2730 ceptus
330 2669 369 2710 est
398 2657 530 2728 benigne,
550 2654 598 2710 sed
615 2667 720 2728 postea
762 2669 822 2723 tur,
836 2677 920 2710 exuere
938 2659 1009 2718 tube,
1022 2661 1161 2730 provincia,
1177 2661 1274 2712 castris.

208 2739 286 2792 etism
309 2736 500 2806 triumphavit,
516 2748 582 2788 teste
595 2732 666 2790 Vell.
680 2753 719 2802 n,
762 2769 802 2781 --
811 2733 894 2810 Neque
909 2737 965 2790 seut
974 2737 1100 2808 patrandi.
1116 2737 1198 2808 Supp.
1214 2757 1273 2792 esse.

213 2834 289 2871 11:-
307 2815 408 2868 Metelli
426 2827 513 2868 umen
528 2825 554 2866 et
569 2815 720 2887 triumphus
767 2843 777 2864 ι
801 2817 856 2869 Ubi
878 2817 1000 2888 iutelligit
1025 2816 1081 2870 hcc
1106 2814 1139 2870 ad
1162 2817 1275 2888 gloriam

210 2897 261 2951 tuit
281 2894 453 2960 clarissimus,
469 2907 496 2947 et
510 2895 649 2960 meritum
665 2895 720 2948 tir·
763 2894 886 2967 quidem,
899 2915 953 2948 non
968 2915 1032 2949 vero
1048 2895 1081 2949 sd
1096 2897 1194 2950 bellum
1209 2916 1275 2951 con·

211 2975 314 3046 tutique
332 2991 478 3052 cognomen
494 2972 631 3028 Numidici
650 2973 720 3028 indi·
764 2973 907 3030 liciendum
921 2975 982 3029 satis
1003 2995 1066 3030 esse.
1078 3002 1089 3023 ι
1102 2978 1142 3029 De
1157 2977 1209 3030 boc
1227 2995 1275 3048 ge·

210 3067 277 3108 tum.
290 3080 301 3101 .
320 3053 388 3106 Item
401 3055 512 3125 Eutrop.
529 3072 574 3118 ιν,
595 3067 719 3108 extrem:
764 3053 841 3108 nitivi
854 3074 917 3124 usu,
933 3053 987 3108 vid.
1006 3056 1084 3108 Cstil.
1095 3057 1150 3110 vt:
1166 3083 1177 3104 ι
1193 3055 1276 3122 Quod

216 3162 227 3184 ι
242 3127 276 3187 Et
296 3131 350 3186 duo
370 3133 498 3206 triumphi
520 3132 554 3186 de
575 3133 721 3204 Iugurtha,
764 3133 842 3188 initio
854 3133 1039 3189 conservande
1053 3135 1181 3189 libertatis
1196 3149 1277 3208 atque

212 3215 314 3288 primus
342 3232 391 3285 per
418 3213 572 3278 Metellum,
592 3211 722 3268 secundus
765 3213 889 3285 augenda
902 3215 1053 3287 reipublice
1068 3215 1161 3268 luerat.
1179 3241 1190 3263 ι
1205 3217 1278 3282 Qua·

212 3314 261 3367 per
271 3293 400 3358 Marium,
410 3294 461 3346 acti
472 3306 542 3347 sunt.
554 3319 565 3342 ι
577 3293 723 3346 Pulchrum
765 3305 853 3346 tuore
868 3295 964 3348 nostris
980 3295 1079 3352 hebent
1093 3295 1122 3348 iu
1137 3307 1276 3364 contextu,

213 3373 354 3439 orationis,
375 3393 454 3445 quam
474 3374 596 3428 Metellus
617 3370 651 3426 de
674 3393 723 3428 suo
766 3371 822 3424 betta·
837 3374 955 3444 patrandi
975 3377 1076 3446 copiam.
1100 3373 1190 3430 Codex
1212 3393 1277 3428 vero

213 3453 350 3525 triumpho
362 3453 471 3521 babuit,
486 3455 662 3526 fragmentum
672 3472 724 3506 ser·
766 3453 804 3520 D,
818 3456 910 3525 copiam
924 3453 1004 3507 habet
1018 3455 1089 3508 intra
1107 3455 1189 3508 lineas
1198 3495 1206 3524 ,
1216 3455 1277 3509 loco

214 3535 285 3586 vavit
297 3531 413 3598 Gellius,
425 3551 481 3600 111,
497 3553 523 3602 9.
537 3566 576 3576 -
592 3533 723 3604 Postquam
766 3532 935 3604 glossematis.

216 3613 304 3666 invidia
317 3614 456 3666 decesserat.
468 3613 570 3684 Nempe
585 3613 642 3664 sine
654 3612 723 3665 invi-
809 3613 835 3666 3.
860 3605 966 3667 Grauios·
988 3613 1112 3667 accideret.
1137 3614 1278 3682 Graviori,

216 3691 259 3746 dia
267 3690 428 3765 jumetodio
433 3689 562 3762 judicium
574 3689 607 3743 de
616 3691 724 3744 Metello
767 3692 847 3745 atita
862 3691 966 3762 dicam,
980 3713 1036 3746 casu
1049 3695 1077 3746 in
1093 3695 1227 3748 Ilomsnos
1240 3695 1280 3748 iu·

216 3773 349 3838 ferebant,
364 3783 457 3844 utpote
475 3769 521 3841 qui
540 3769 573 3822 ad
594 3771 724 3841 privatam
767 3786 881 3844 grueret.
893 3771 1135 3846 Aliqui,aecederet‚
1150 3769 1223 3846 ¹quod
1234 3774 1281 3827 ba-

217 3851 395 3906 conditionem
407 3869 539 3922 regressus
550 3863 624 3904 esset.
767 3851 832 3906 bent
852 3865 934 3907 nostr.
956 3851 1035 3907 oodd.
1057 3867 1179 3926 quauwn
1202 3854 1280 3908 Unus

259 3951 283 3985 s.
296 3931 380 3985 Ama
388 3943 492 3984 exuerat.
507 3929 574 3984 Tam
584 3929 725 3984 vehemen·
769 3933 809 4002 D,
819 3931 948 3994 aecium,
960 3932 1032 4006 quod
1047 3933 1127 3988 etiam
1137 3933 1201 4005 legit
1211 3933 1280 3987 Cor·
