2950 4648
446 379 515 450 uu
541 381 649 450 nur.
679 383 1009 458 oaoruauur.
1180 381 1255 479 473

199 512 260 582 niti
284 537 346 606 pro
368 512 555 602 nobilitate;
578 539 685 608 neque
702 513 803 583 ullam
821 538 891 584 rem
915 517 950 583 in
973 515 1134 610 principio
1160 540 1257 610 agere

200 618 361 704 intendit,
382 621 444 688 nisi
466 619 511 688 illi
534 635 685 690 auctores
707 620 832 689 fierent.
857 619 921 690 Sed
942 621 1093 690 homines
1110 619 1257 710 factiosi,

201 724 321 816 quibus
338 723 433 794 dolus
454 739 552 818 atque
573 725 697 796 malitia
716 725 781 795 lide
800 728 926 796 cariora
948 742 1059 813 erant,
1082 727 1138 796 ubi
1160 726 1258 796 intel·

201 827 352 900 leserunt
390 855 450 925 per
485 857 587 900 unum
620 832 789 902 hominem
818 856 1010 926 maxumum
1041 819 1259 902 beneficium³

201 935 314 1004 multis
333 935 525 1006 mortalibus
549 937 641 1026 dari;
659 937 811 1006 videlicet
824 953 859 1006 et
876 937 936 1006 sibi
953 941 1089 1032 quisque
1108 940 1259 1008 conscius

203 1039 291 1110 malo
306 1057 404 1136 atque
423 1043 524 1112 infido
542 1045 652 1113 animo
675 1069 764 1130 esse,
784 1043 825 1112 de
846 1045 893 1112 M.
911 1045 1007 1114 Livio
1026 1047 1137 1113 Druso
1147 1045 1259 1138 juata,

203 1169 244 1214 ac
271 1146 312 1216 de
326 1173 382 1232 se,
407 1151 697 1218 existumaverunt.
722 1152 839 1242 Itaque
858 1163 965 1237 metu,
986 1174 1028 1216 ne
1054 1175 1115 1244 per
1134 1165 1260 1220 tantam

204 1255 343 1346 gratiam
362 1253 451 1324 solus
475 1281 584 1324 rerum
605 1257 782 1349 potiretur,
803 1269 918 1324 contra
945 1279 1020 1324 eum
1043 1257 1125 1342 nisi,
1151 1269 1261 1324 suaet

203 1359 305 1452 ipsius
325 1359 459 1430 consilia
479 1360 755 1432 disturbaverunt.
779 1363 857 1449 Quo
876 1360 954 1447 tibi,
976 1361 1173 1455 imperator,
1190 1385 1259 1430 ma-

201 1463 276 1557 jore.
291 1489 371 1534 cura
393 1465 540 1560 fideque,
560 1469 657 1536 amici
677 1482 710 1536 et
728 1465 831 1534 multa
846 1466 994 1561 praesidia
1012 1467 1159 1562 paranda
1174 1481 1259 1536 sunt.

259 1572 335 1640 Vll.
361 1575 499 1641 Hostem
530 1571 724 1642 adversum¹
749 1574 957 1667 opprimere,
979 1587 1113 1642 strenuo
1135 1573 1260 1642 homini

204 1675 296 1744 haud
324 1675 456 1746 difficile
478 1673 550 1766 est;¹
566 1678 695 1748 occulta
716 1677 860 1772 pericula
879 1703 985 1772 noque
1005 1677 1132 1764 lacere,
1156 1703 1276 1776 neque⁴

205 1783 311 1852 vitare
332 1782 427 1853 bonis
450 1787 483 1852 in
503 1799 637 1879 promtu
660 1799 718 1854 est.
739 1787 863 1878 Igitur,
886 1785 942 1852 ubi
964 1809 1020 1853 eos
1042 1787 1076 1852 in
1096 1786 1263 1853 civitatem

179 1885 181 1889 ’
205 1887 396 1978 adduxerim
413 1893 568 1985 quoniam
591 1890 724 1985 quidem
751 1905 905 1960 revocata
935 1889 1047 1984 plebes
1068 1893 1145 1978 erit,
1169 1893 1202 1958 in
1224 1913 1263 1959 ea

100 2095 102 2098 ’
208 2087 324 2146 Pedion.
339 2089 372 2143 ad
387 2092 442 2146 Cic.
457 2113 506 2165 pro
516 2093 649 2148 Cornelio.
659 2093 713 2158 Qui
756 2093 1193 2166 runt‚imoimpugnaruut,certe
1207 2093 1264 2146 Cas·

209 2167 300 2222 allatos
313 2170 386 2224 locos
401 2185 499 2225 attente
513 2174 620 2244 legerit,
635 2172 714 2224 intel·
758 2173 809 2224 sari
823 2169 914 2224 eodem
928 2191 977 2242 pro
990 2173 1091 2243 populo
1104 2185 1130 2225 et
1144 2173 1264 2226 libertate

208 2247 272 2318 liget
278 2247 306 2301 in
315 2268 347 2302 eo
356 2253 481 2305 erravisse
489 2255 618 2318 Drusum,
628 2249 714 2322 quod,
757 2251 876 2304 molienti
890 2251 974 2303 multo
986 2251 1067 2322 magis
1079 2251 1166 2304 infesti
1176 2264 1263 2304 eruut.

210 2327 334 2384 tribunus
353 2331 452 2402 plebis,
463 2331 577 2384 adversm
595 2332 714 2384 factionis
798 2331 1262 2392 Car.V11.r.Hostemodversron‚etc.

210 2419 352 2478 patronum
367 2430 394 2463 se
410 2413 541 2482 professus
561 2425 615 2477 est,
628 2429 714 2483 popu·
758 2408 800 2464 Sic
816 2411 878 2462 Tac.
897 2409 964 2462 Hist.
986 2428 1029 2471 rv,
1054 2417 1111 2473 art:
1135 2437 1146 2458 ι
1166 2412 1263 2482 Aperta

209 2485 290 2558 loque
313 2501 340 2540 et
362 2492 463 2543 senatui
486 2491 564 2543 simul
589 2490 715 2543 inservire
758 2487 819 2541 odia
835 2508 959 2560 annaque
973 2490 1059 2560 pulum
1071 2489 1265 2561 depelli3lrau·

211 2567 304 2620 voluit.
327 2569 388 2622 Non
413 2569 481 2623 vidit
505 2571 639 2623 enimvero
668 2588 715 2622 ne·
758 2567 819 2620 dem
831 2581 857 2621 et
869 2567 977 2633 dolum,
993 2569 1102 2621 obseura
1115 2570 1265 2641 eoqueine·

211 2646 309 2700 minem
322 2649 419 2703 certius
430 2650 553 2702 omnibus
564 2649 716 2722 displicere,
758 2649 886 2702 vitabilis.
901 2673 911 2695 ι
927 2649 1012 2702 Cicer.
1028 2649 1057 2701 in
1074 2651 1151 2701 Verr.
1168 2667 1193 2714 s,
1210 2651 1263 2702 15:

212 2743 291 2796 quem
308 2729 355 2799 qui
373 2730 476 2801 placere
495 2730 553 2784 vult
572 2731 716 2794 omnibus3
763 2753 774 2775 ι
792 2727 878 2780 Nullae
894 2741 956 2780 sunt
976 2729 1132 2782 occultiores
1146 2727 1265 2794 insidiis,

213 2817 240 2857 et
261 2805 350 2860 miuus
373 2810 461 2879 gratim
483 2807 553 2881 apud
576 2809 717 2862 factionem
760 2825 887 2879 quamem
896 2808 1087 2878 quoiateutiu
1099 2807 1265 2860 simulatione

213 2887 357 2955 quemlibet
380 2889 510 2954 inveniri,
528 2890 551 2942 si
579 2887 644 2959 quid
667 2888 718 2960 ipsi
760 2887 911 2954 oflicii,aut
923 2887 951 2939 in
964 2888 1053 2959 aliquo
1068 2885 1265 2940 necessitudinis

213 2969 386 3033 concesseris,
396 2987 474 3039 quam
487 2967 607 3033 invidie,
621 2966 718 3039 siquid
761 2967 885 3033 nomiue;
900 2985 962 3019 uam
978 2985 1054 3032 eum,
1067 2967 1113 3038 qui
1128 2967 1214 3038 palam
1226 2979 1266 3020 est

214 3043 278 3098 aliis.
292 3079 333 3090 —
346 3048 442 3101 Totam
458 3049 527 3101 hauc
543 3049 622 3101 Drusi
635 3047 718 3100 histo·
761 3045 939 3112 sdversarius‚
955 3047 1030 3101 facile
1044 3045 1162 3099 cavendo
1182 3046 1266 3102 vitare

213 3123 280 3176 riom
301 3127 403 3200 egregie
419 3126 560 3180 elucidavit
573 3139 662 3179 noster
679 3127 719 3178 De
760 3126 859 3196 possis;
872 3125 924 3178 hoo
933 3145 996 3178 vero
1008 3127 1154 3188 occultum,
1167 3125 1267 3180 intesti-

214 3203 330 3269 Brosses,
357 3207 429 3260 Μόνη.
455 3207 485 3258 de
505 3205 655 3260 l'Acode'mr's
678 3205 719 3257 des
761 3223 826 3256 num
843 3223 872 3256 ac
888 3202 1061 3258 domesticum
1080 3205 1196 3268 malum,
1212 3224 1265 3258 non

214 3283 324 3358 inscript.
344 3287 412 3341 Tora.
429 3306 474 3357 ²7·
761 3281 842 3336 modo
863 3299 917 3334 non
937 3285 1053 3347 exsistit,
1073 3302 1166 3335 verum
1188 3284 1267 3336 etiam

260 3365 287 3420 3.
308 3367 448 3420 Maxumum
464 3364 606 3436 beneficiam.
623 3363 720 3416 Civitu·
762 3361 903 3432 opprimit,
913 3373 1052 3432 antequam
1064 3363 1214 3434 prospicere
1227 3375 1266 3416 at·

216 3450 249 3502 tis
261 3465 377 3500 romense
386 3449 486 3518 jus—
497 3445 624 3506 lurtum·
638 3443 668 3494 de
679 3463 717 3500 se,
762 3459 813 3512 que
826 3440 961 3511 explorare
982 3441 1109 3511 potueris.
1128 3467 1139 3488 ι
1158 3473 1199 3484 --
1216 3443 1265 3494 aa·

217 3534 423 3582 aistomweroat.
434 3526 524 3591 Quum
534 3525 586 3596 ipsi
596 3523 645 3576 sibi
656 3541 720 3576 oon·
763 3532 854 3573 vocata.
870 3518 974 3572 Scilicet
988 3518 1021 3571 ad
1037 3521 1184 3573 libertatem
1203 3521 1266 3574 viri-

216 3609 263 3662 scii
278 3605 493 3672 esseut,senihil
505 3621 622 3676 unqumu
637 3603 720 3656 factu·
762 3601 852 3672 leoque
865 3617 963 3652 sensus.
978 3631 1018 3642 -
1041 3600 1132 3669 Quoad
1149 3620 1185 3651 res
1192 3602 1266 3667 seror.

216 3685 337 3753 ros,nisi
352 3687 475 3758 injustam
488 3684 632 3755 potentiam
648 3700 720 3734 com·
763 3680 898 3745 Quantum
913 3698 961 3750 per
978 3691 1096 3751 tempora
1116 3680 1268 3750 reipublice

216 3763 328 3838 parandi
336 3766 497 3832 causu,item
506 3763 540 3816 de
548 3763 625 3814 Livio
634 3763 721 3814 Druso
762 3759 861 3812 licebit.
876 3759 967 3829 Quoad
976 3759 1085 3830 legimus
1100 3777 1131 3812 ex
1146 3759 1267 3826 Haverc,

217 3847 338 3899 arbitrati
350 3857 419 3898 sunt.
429 3875 469 3887 -
479 3844 535 3912 Quo
550 3843 633 3896 titt...
647 3841 722 3892 multo
763 3859 846 3912 quum
860 3839 967 3894 Curtius
978 3839 1072 3892 hebeat
1082 3838 1154 3910 quod.
1170 3841 1209 3892 De
1219 3855 1274 3910 pe·,

212 3925 328 3996 presidio
344 3925 457 3995 perarida
471 3935 534 3975 suot.
554 3921 623 3987 Quia
635 3921 657 3974 si
671 3939 721 3992 pro
763 3921 848 3972 cuuiu
860 3917 949 3972 studio
957 3916 1018 3970 vide
1031 3937 1090 3989 quas
1100 3917 1197 3974 dixerit
1205 3936 1267 3972 auc-

215 4005 280 4077 ipsis
304 4003 431 4060 nitentem
458 4005 574 4057 Drusum
599 3999 721 4056 deserue-
764 3997 949 4064 tor,Cutil.X
965 4011 990 4052 et
1005 3998 1054 4051 XI.
