2950 4648
506 459 562 528 IN
594 457 944 528 SALLUSTIUM.
1177 457 1247 532 501

197 591 266 660 rint
288 589 410 684 egregii
433 589 538 676 cives,
567 603 655 660 certe
678 591 829 659 venerint
853 592 887 659 in
907 587 1118 660 oblivionem·
1139 592 1252 681 Quare

197 695 267 766 noli
288 696 369 766 mihi
389 697 540 790 antiquos
561 697 649 765 viros
671 695 862 790 objectare:
885 699 984 766 sanus
1006 711 1055 766 est
1071 698 1178 786 enim,
1199 725 1252 769 me

197 803 280 872 meis
295 801 393 872 rebus
411 803 510 897 gestis
524 802 660 889 llorere,
674 825 771 896 quarn
788 803 948 896 majorum
968 805 1121 898 opinione
1132 804 1207 893 niti;
1220 821 1254 876 et

198 909 246 978 ita
265 911 393 995 vivere,
411 923 448 976 ut
468 933 529 1004 ego
547 910 606 977 sim
625 911 763 1002 posteris
781 911 861 978 meis
879 909 1055 980 nobilitatis
1075 912 1203 980 initium
1221 927 1255 981 et

196 1016 329 1084 virtutis
357 1013 553 1110 exemplum.
580 1017 694 1108 Neque
721 1041 774 1084 me
802 1041 878 1084 curn
903 1017 942 1085 iis
969 1016 1111 1086 conferri
1137 1017 1254 1106 decet,

198 1121 235 1190 P.
247 1123 285 1190 C.
294 1174 303 1209 ,
313 1122 369 1216 qui
379 1121 446 1216 jam
460 1120 848 1216 decesserunt,omnique
858 1121 934 1191 odio
943 1137 1057 1191 carent
1069 1138 1103 1191 et
1115 1124 1256 1212 invidia;

198 1226 257 1296 sed
279 1251 356 1296 cum
377 1228 434 1315 iis,
455 1229 510 1322 qui
531 1253 662 1297 mecum
686 1253 752 1296 una
776 1229 810 1296 in
835 1226 1001 1322 republica
1022 1231 1143 1298 versati
1166 1246 1252 1300 sunt.

198 1332 265 1401 Sed
287 1335 313 1402 si
331 1333 448 1402 fuerim
464 1349 522 1404 aut
538 1336 571 1402 in
589 1335 768 1404 honoribus
787 1334 935 1429 petendis
951 1336 1046 1404 nimis
1060 1335 1253 1406 ambitiosus

195 1429 397 1526 (nonhanc
419 1441 494 1512 dico
507 1440 699 1537 popularem
718 1440 946 1529 ambitionem,
969 1441 1062 1535 cujus
1085 1465 1138 1511 me
1164 1443 1253 1536 prin·
1288 1491 1292 1512 .

198 1545 307 1638 eipem
322 1547 497 1636 confiteor,
508 1548 565 1618 sed
574 1547 662 1618 illam
678 1549 894 1642 perniciosam
911 1562 1026 1618 contra
1041 1547 1145 1644 leges,
1160 1549 1254 1641 cujus

195 1652 322 1744 primos
339 1653 470 1724 ordines
488 1652 657 1724 Sallustius
666 1646 800 1740 duxit);
811 1669 869 1723 aut
883 1657 916 1722 in
927 1654 1078 1750 gerendis
1090 1655 1255 1748 magistra-

195 1756 301 1844 tibus,
322 1773 379 1828 aut
403 1763 437 1828 in
462 1760 665 1830 vindicandis
685 1759 853 1830 maleficiis
874 1775 943 1829 tam
967 1785 1119 1846 severus3
1145 1761 1255 1829 autin

195 1863 319 1932 tuenda
336 1865 504 1960 republica
525 1881 593 1935 tam
613 1865 751 1960 vigilans
771 1860 784 1954 (
803 1891 903 1960 quam
925 1881 962 1934 tu
980 1867 1254 1962 proscriptionem

191 1991 297 2040 uocas
309 1964 340 2060 );
361 1971 460 2041 credo
477 1971 567 2066 quod
586 1997 654 2041 non
674 1997 790 2040 omnes
810 1974 859 2040 tui
881 1971 1000 2042 similes
1019 1971 1199 2041 incolumes
1222 1973 1255 2040 in

195 2072 363 2145 hacurbe
390 2079 553 2148 vixissent.
583 2080 627 2146 At
652 2091 777 2171 quanto
804 2075 940 2145 meliore
966 2077 1040 2145 loeo
1070 2077 1255 2172 respublica

196 2194 317 2268 staret,
336 2183 362 2250 si
378 2196 414 2251 tu
435 2207 496 2277 par
510 2207 549 2252 ac
570 2182 683 2251 similis
703 2179 914 2249 scelestorum
933 2181 1073 2268 civium,
1094 2207 1254 2252 unacum

195 2284 258 2356 illis
273 2277 507 2358 adnumeratus
523 2283 623 2358 esses!
643 2288 696 2356 An
710 2310 773 2380 ego
789 2300 869 2355 tunc
888 2285 970 2355 falso
984 2289 1115 2381 scripsi,
1130 2287 1255 2356 cedant

196 2416 298 2462 arma
309 2411 415 2490 togae,
428 2396 484 2489 qui
494 2409 624 2489 togatus
638 2406 842 2479 annatos,et
856 2416 938 2486 pace
950 2389 1073 2462 bellum
1088 2391 1255 2488 oppressi?

196 2524 240 2567 an
252 2498 332 2569 illud
342 2503 498 2570 mentitus
511 2526 583 2570 sum
590 2553 600 2587 ,
600 2499 829 2592 fortunatam
842 2513 963 2566 natam
973 2521 1027 2567 me
1039 2501 1178 2568 consule
1186 2503 1253 2568 Ilo·

196 2629 308 2693 mam,·
321 2609 376 2701 qui
391 2621 520 2676 tantum
534 2608 724 2676 intestinum
736 2601 877 2690 bellum,
891 2618 924 2672 et
935 2603 1151 2678 domesticum
1163 2597 1262 2675 urbis

197 2712 385 2782 incendium
403 2711 566 2783 exstinxi?

251 2821 313 2886 ΠΙ.
341 2821 458 2914 Neque
483 2835 515 2889 te
541 2823 591 2888 tui
619 2823 734 2916 piget,
754 2820 857 2890 homo
883 2819 1064 2908 levissime,
1090 2842 1192 2914 quum
1215 2842 1254 2887 ea

195 2923 328 3019 culpas,
354 2951 426 3020 quae
449 2927 482 2994 in
508 2927 653 2996 historiis
674 2927 757 2996 mihi
783 2927 894 3023 gloriae
918 2923 1100 2998 ducis?-An
1125 2925 1254 3020 turpius

197 3045 262 3117 est,
276 3033 309 3100 P.
324 3034 381 3120 C.,
395 3032 593 3103 scribentem
606 3035 754 3120 mentiri,
771 3057 871 3128 quam
886 3033 978 3104 illum
996 3030 1106 3127 palam
1120 3031 1253 3100 bocor-

196 3135 273 3205 dine
286 3137 473 3208 dicentem?
490 3164 584 3226 nam,
604 3139 694 3233 quod
715 3141 749 3207 in
760 3155 888 3210 aetatem
902 3139 1108 3233 increpuisti,
1126 3152 1254 3206 tantum

196 3267 251 3312 me
275 3245 388 3314 abesse
409 3259 493 3340 puto
509 3245 550 3312 ab
570 3243 789 3338 impudicitia,
810 3259 971 3337 quantum
993 3257 1026 3311 te
1047 3267 1066 3310 a
1087 3243 1252 3336 pudicitia.

197 3348 263 3417 Sed
278 3351 356 3443 quid
373 3375 436 3446 ego
458 3350 499 3418 de
517 3363 551 3418 te
561 3347 657 3444 plura
668 3347 809 3443 querar?
819 3349 898 3442 quid
912 3349 999 3416 enim
1014 3349 1144 3415 mentiri
1157 3362 1254 3439 turpe

198 3451 316 3541 duces,
333 3459 389 3548 qui
410 3456 490 3526 mihi
510 3479 611 3524 ausus
630 3457 673 3523 sis
694 3452 929 3546 eloquentiam,
951 3454 998 3520 uti
1018 3453 1150 3539 vitium,
1172 3449 1253 3543 obji-

197 3585 289 3648 cere,
309 3562 402 3654 cujus
424 3585 554 3655 semper
575 3585 697 3631 nocens
715 3560 831 3652 eguisti
850 3555 1056 3654 patrocinio?
1079 3560 1128 3625 An
1150 3553 1254 3626 ullum

197 3669 373 3736 existumas
391 3692 487 3762 posse
494 3666 570 3736 lieri
588 3667 695 3736 civem
715 3665 902 3760 egregium,
919 3667 975 3759 qui
990 3689 1057 3732 non
1068 3663 1118 3732 his
1130 3661 1254 3730 artibus

198 3787 231 3840 et
244 3772 423 3869 disciplinis
438 3775 479 3843 sit
489 3771 655 3849 eruditus?
672 3795 714 3840 an
725 3769 792 3840 ulla
805 3770 867 3840 alia
877 3787 973 3866 putas
987 3795 1056 3840 esse
1069 3768 1254 3837 rudimenta

198 3893 232 3947 et
243 3879 443 3949 incunabula
455 3881 585 3948 virtutis
595 3929 605 3963 ,
617 3879 737 3974 quibus
746 3880 845 3948 animi
860 3879 902 3948 ad
916 3877 1027 3973 gloria
1040 3873 1253 3969 cupiditatem

198 3983 350 4054 aluntur?
372 3987 435 4055 Sed
452 3987 586 4054 minime
603 3981 724 4055 r‘riirum
746 3999 808 4072 est,
827 3987 861 4053 P.
878 3987 928 4072 C,
944 3986 971 4053 si
988 3983 1104 4069 homo,
1122 3983 1178 4078 qui
1197 3980 1254 4049 de·

198 4091 288 4162 sidiae
305 4115 344 4164 ac
358 4091 493 4164 luxuriae
508 4091 624 4188 plenus
642 4095 699 4180 sit,
710 4091 801 4180 haec,
816 4105 854 4161 ut
870 4115 957 4162 nova
971 4103 1069 4183 atque
1083 4090 1253 4174 inusitata,

999 4208 1069 4293 32³
