2942 4662
443 421 453 446 ⁸
542 429 601 503 IN
628 429 978 504 SALLUSTIUM.
1213 431 1288 508 503

228 565 439 642 insolentiam
462 567 621 661 repressi,
640 579 698 635 aut
718 564 826 636 bibuli
846 568 1038 660 patientiam
1059 566 1207 663 culpavi,
1232 583 1290 640 aut

231 673 411 746 rirmubus
430 674 568 744 Caesaris
590 672 657 742 lavi
673 698 680 740 ι
695 673 747 741 bae
764 675 852 742 enirn
874 671 986 744 laudes
1004 675 1127 770 egregii
1149 676 1243 761 civis,
1256 689 1291 744 et

231 783 338 852 unicae
356 795 442 851 sunt
464 781 549 869 Quae
566 781 593 848 si
612 794 650 849 tu
668 779 769 868 mibi,
790 781 840 848 uti
859 780 955 868 vitia,
977 779 1108 874 objicis,
1124 781 1290 852 temeritas

232 904 291 958 uta
308 886 575 984 reprehenditur,
592 911 660 956 non
677 909 752 955 mea
761 887 842 955 viria
855 883 1085 981 ctrlpabuntur.
1100 883 1199 956 Plura
1207 887 1292 956 dico·

232 1019 322 1082 rem,
340 995 368 1063 si
389 991 478 1089 apud
499 989 579 1062 alios
601 991 683 1062 mihi
708 1005 793 1062 esset
817 990 1067 1080 disserendum,
1091 993 1126 1062 Ρ.
1147 996 1203 1084 C.,
1223 1014 1293 1064 non

233 1099 324 1196 apud
347 1123 427 1186 vos,
449 1123 532 1194 quos
555 1097 657 1168 habui
679 1097 828 1170 omnium
854 1099 1021 1169 actionum
1048 1123 1197 1170 mearum
1221 1124 1293 1169 mo·

233 1207 367 1276 nitores.
390 1205 479 1290 Sed,
504 1205 563 1276 ubi
588 1227 699 1274 rerum
727 1205 914 1275 testimonia
939 1203 1083 1294 adsum,
1103 1204 1183 1300 quid
1209 1225 1294 1300 opus

234 1327 286 1382 est
307 1309 440 1382 verbis?

289 1420 330 1488 V.
346 1419 447 1489 Nunc
463 1416 505 1486 nd
522 1431 556 1487 te
573 1419 622 1487 nti
640 1431 806 1506 revertar,
821 1414 974 1506 Sallusti,
988 1429 1183 1512 patremque
1199 1429 1294 1486 turm

235 1537 451 1619 praeteream,
471 1525 569 1619 quisi
589 1546 759 1619 nunquam
780 1525 816 1612 in
832 1525 902 1592 vita
920 1544 980 1592 sua
997 1523 1165 1617 peccavit,
1183 1535 1296 1591 tamen

235 1630 396 1724 majorem
423 1631 575 1724 injuriam
600 1628 788 1726 reipublicae
817 1629 926 1700 lacere
954 1651 1024 1698 nou
1051 1627 1176 1724 potuit,
1195 1649 1296 1722 qiam

236 1736 327 1831 quod
345 1750 377 1806 te
398 1733 498 1805 talem
511 1735 616 1805 lilium
637 1737 758 1832 genuit.
772 1737 909 1832 Neque,
927 1747 964 1806 tu
982 1736 1090 1830 siqua
1105 1735 1140 1803 in
1157 1732 1298 1829 pueritia

236 1843 405 1937 peccasti,
423 1864 598 1936 exsequar,
617 1868 660 1912 ne
681 1856 853 1938 parentem
874 1856 969 1920 mum
990 1841 1106 1910 ridear
1124 1861 1298 1926 accusare,

237 1949 296 2042 qui
309 1971 350 2018 eo
368 1962 520 2044 tempore
536 1973 700 2019 summam
718 1951 767 2019 tui
781 1961 978 2045 potestatem
990 1947 1125 2034 babuit3
1137 1945 1196 2016 sed
1213 1967 1298 2040 qua-
1312 1979 1315 1986 ·

236 2050 305 2122 lem
328 2052 582 2125 adolescentiam
600 2055 716 2150 egeris.
738 2059 812 2125 Hac
832 2056 921 2124 enim
940 2051 1181 2141 demonstrata,
1204 2047 1299 2120 lacile

237 2157 455 2254 intelligetur,
475 2183 575 2256 quam
597 2158 757 2258 petulanti
767 2162 925 2256 pueritia,
948 2181 1048 2255 quam
1069 2157 1255 2254 impudicus
1267 2167 1301 2223 et

239 2289 388 2360 procax,
416 2266 606 2337 adoleveris.
629 2270 848 2362 Posteaquam
865 2267 1032 2337 immensae
1054 2262 1139 2360 gulae
1159 2259 1300 2358 impudi-

240 2372 362 2442 cissimi
377 2374 526 2468 eorporis
547 2368 691 2468 questus
704 2372 856 2444 adficere
872 2397 941 2442 non
958 2372 1084 2468 potuit,
1095 2383 1129 2440 et
1146 2383 1224 2439 aetas
1244 2381 1301 2435 trra

238 2475 309 2568 jam
330 2478 373 2548 ad
393 2501 433 2548 ea
450 2479 621 2575 patienda,
646 2503 720 2575 quse
739 2477 833 2550 alteri
854 2479 964 2549 lacere
987 2476 1206 2562 collibuisset,
1224 2495 1301 2542 exo·
1398 2471 1401 2477 ’

240 2579 386 2668 leserut;
408 2585 641 2678 cupiditatibus
663 2585 798 2656 infinitis
820 2584 1027 2665 efferebans,
1053 2596 1114 2666 ut,
1138 2605 1213 2673 quae
1232 2578 1302 2671 ipse

240 2688 374 2782 corpori
396 2701 455 2755 tuo
474 2690 584 2780 turpia
603 2705 672 2751 non
690 2680 854 2770 duxisses,
876 2680 912 2748 in
934 2677 1004 2749 aliis
1024 2676 1226 2774 experireris.
1250 2683 1302 2750 Ita

241 2789 707 2885 nonestfacileexputare,P.
718 2789 893 2876 C.,utrum
901 2785 1179 2856 inhonestioribus
1190 2811 1304 2882 corpo·

242 2899 288 2970 ris
296 2897 444 2993 partibus
457 2919 528 2966 rem
540 2895 720 2992 quesierit,
734 2915 777 2963 an
795 2890 950 2963 amiserit.
972 2894 1120 2963 Domum
1131 2907 1304 2988 paterium

243 3006 321 3074 vivo
330 3018 424 3101 patre
436 3004 626 3099 turpissime
637 2997 788 3072 venalem
796 2999 929 3090 habirit,
941 2997 1109 3069 vendidit:
1125 3011 1158 3070 et
1169 3001 1224 3071 cui
1238 2997 1303 3068 du·

242 3109 336 3180 bium
350 3124 462 3208 potest
476 3133 562 3196 esse,
580 3109 660 3204 quin
680 3108 766 3177 mori
780 3107 927 3202 coegerit
943 3129 1040 3194 etam,
1059 3129 1127 3200 quo
1147 3106 1204 3174 hic
1220 3129 1304 3174 non·

244 3215 325 3286 dum
345 3231 480 3288 mortuo
500 3237 563 3310 pro
576 3211 699 3283 herede
718 3213 854 3308 gesserit
873 3210 1011 3281 omnia?
1027 3213 1144 3305 Neque
1162 3209 1303 3306 pudeta

247 3345 302 3391 me
323 3347 400 3392 eum
417 3340 584 3417 quaerere,
600 3319 672 3413 quis
691 3319 727 3387 in
740 3321 776 3388 P.
793 3317 904 3387 Crassi
923 3315 1024 3385 domo
1039 3316 1182 3402 babitet;
1203 3338 1306 3408 quum

247 3429 319 3523 ipse
332 3428 531 3524 respondere
548 3449 617 3496 non
637 3437 754 3518 queat,
772 3423 892 3519 quis-in
910 3421 1014 3516 ipsius
1031 3421 1157 3489 habitet
1167 3431 1306 3513 paterna

248 3533 359 3603 domo.
388 3535 434 3604 At
457 3527 607 3604 herculel
631 3529 742 3626 lapsus
765 3529 869 3599 etatis
896 3527 1071 3614 tirocinio,
1098 3535 1212 3621 postea
1236 3547 1307 3593 sese

248 3641 400 3710 correxit.
427 3641 507 3710 Non
528 3641 574 3710 ita
599 3651 648 3708 est
670 3660 678 3704 t
699 3635 757 3706 sed
777 3635 857 3705 abiit
878 3635 913 3704 in
934 3631 1118 3704 sodalitium
1147 3628 1306 3724 sacrilegii

249 3743 417 3840 Nigidiani
435 3771 443 3815 :
461 3744 510 3815 bis
527 3745 645 3840 judicis
658 3741 702 3812 ad
721 3739 873 3812 subsellia
889 3753 1065 3828 attractus,
1081 3751 1227 3808 extrema
1243 3735 1307 3805 for

248 3863 331 3922 mna
347 3841 455 3937 stetlt3
469 3866 505 3920 et
521 3853 569 3920 ita
584 3849 747 3938 discessit,
761 3849 810 3918 uti
827 3873 895 3917 non
905 3847 963 3920 bic
975 3847 1132 3918 innocens
1146 3865 1233 3932 esse,
1248 3841 1305 3912 sed

247 3955 374 4048 judices
403 3959 567 4054 pejerasse
596 3957 868 4027 existimarentur.
898 3954 1046 4024 Primum
1084 3951 1244 4021 bonorem
1272 3950 1307 4017 in

251 4078 415 4155 vautra
424 4064 589 4159 adeptus,
601 4062 692 4134 bunc
705 4060 816 4135 locum
829 4077 864 4132 et
872 4061 963 4134 buno
975 4056 1126 4128 ordinem
1140 4055 1287 4150 despexit
1299 4079 1309 4142 ;

1029 4177 1102 4261 32⁴
