2910 4666
244 369 319 443 330
501 373 539 441 C.
568 370 742 441 CRISPI
770 370 1047 440 SALLUSTII

241 527 283 570 cx
296 501 465 572 voluntate
486 501 584 572 Sullae
599 505 710 572 omnia
725 527 759 573 se
776 501 941 572 facturum
956 503 1128 597 promittit.
1144 505 1301 575 Ceterum

240 607 283 676 ad
313 608 530 678 simulandam
552 633 686 704 parem,
709 609 802 703 cujus
827 609 992 695 Numida,
1019 608 1165 679 defessus
1194 609 1300 698 bello,

240 714 557 810 avidissumus,quae
579 715 671 784 utilia
692 719 777 803 visa,
790 717 1003 786 constituunt.
1024 717 1096 803 Ita,
1115 721 1303 812 composito

241 819 337 904 dolo,
353 821 590 915 digrediuntur.

293 929 400 996 CXII.
422 931 467 996 At
480 953 538 997 rex
552 943 684 1022 postero
696 928 749 998 die
760 928 939 1022 Asparem,
954 931 973 996 J
976 928 1127 1023 ugurtha
1138 927 1300 1023 legatum,

239 1032 402 1126 appellat:
416 1034 477 1102 sibi
492 1060 552 1129 per
565 1036 732 1104 Dabarem
751 1059 792 1104 ex
807 1033 897 1104 Sulla
911 1037 1095 1128 cognitum,
1105 1060 1201 1129 posse
1215 1060 1300 1105 con·

239 1138 419 1210 ditionibus
435 1140 558 1210 bellurn
572 1140 667 1236 poui¹
680 1167 686 1210 :
700 1141 915 1235 quamobrem
930 1143 1016 1235 regis
1034 1143 1084 1210 sui
1103 1144 1300 1210 sententiam

238 1248 433 1339 exquireret.
447 1247 506 1316 Ille
521 1247 613 1317 laetus
628 1249 662 1316 in
680 1263 788 1318 castra
805 1247 976 1342 tugurthae
991 1249 1091 1316 venit.
1111 1247 1241 1317 Deinde
1258 1247 1301 1316 ab

237 1350 294 1420 illo
313 1368 432 1422 cuncta
451 1354 602 1441 edoctus,
614 1367 791 1448 properato
806 1355 938 1441 itinere,
950 1369 1026 1448 post
1039 1353 1123 1422 diem
1143 1367 1303 1422 octavum

239 1458 325 1527 redit
341 1460 383 1527 ad
400 1459 588 1547 Bocchum,
604 1475 637 1529 et
658 1462 688 1528 ci
707 1451 861 1547 nunciat,
874 1461 1071 1552 Jugurtlram
1087 1484 1208 1554 cupere
1228 1485 1298 1529 om-

239 1566 313 1650 nia,
331 1591 404 1658 quac
425 1567 680 1658 imperarentur,
701 1565 809 1636 facere
821 1591 831 1652 ;
845 1565 902 1634 sed
924 1568 1032 1634 Mario
1052 1591 1168 1660 parum
1191 1566 1303 1634 confi·

239 1668 433 1766 derczsaepe
452 1687 547 1740 antea
567 1696 642 1741 cum
663 1671 913 1767 imperatoribus
932 1675 1076 1742 romanis
1095 1696 1210 1768 pacem
1225 1697 1301 1741 oon·

239 1789 371 1845 ventam
404 1778 526 1847 frustra
552 1775 680 1848 luisse².
707 1781 864 1847 Ceterum
885 1779 1056 1866 Bocchus,
1077 1780 1104 1846 si
1138 1777 1300 1848 ambobus

240 1881 446 1972 consultum,
464 1900 497 1954 et
518 1899 621 1954 ratam
642 1910 757 1980 pacem
776 1883 890 1968 vellet,
902 1885 997 1954 daret
1017 1909 1170 1978 operam,
1184 1897 1222 1952 ut
1234 1909 1301 1952 una

239 1989 282 2055 ab
304 1990 481 2079 omnibus,
514 1993 606 2086 quasi
631 1991 672 2060 dc
698 2017 804 2086 pace,
830 1992 863 2058 iu
893 1989 1094 2084 colloquium
1116 1991 1301 2076 veniretur3

239 2095 349 2189 ibique
367 2099 428 2166 sibi
446 2098 569 2166 Sullam
591 2097 744 2168 traderet.
766 2101 879 2187 Quum
896 2095 994 2166 talem
1015 2098 1122 2165 virum
1139 2098 1173 2164 in
1192 2111 1301 2190 potcs-

240 2216 307 2270 tate
324 2203 477 2293 baberet,
494 2205 583 2293 fore,
602 2207 649 2274 uti
661 2205 756 2298 jussu
775 2217 907 2273 senatus
926 2217 1023 2297 atque
1042 2201 1155 2297 populi
1174 2203 1302 2270 romani

239 2307 346 2377 foedus
365 2310 477 2379 lieret:
493 2337 599 2406 neque
618 2312 786 2380 bominem
806 2309 970 2397 nobilem,
988 2334 1055 2377 non
1074 2333 1132 2378 sua
1151 2310 1301 2403 ignaria,

240 2414 296 2483 sad
315 2416 358 2484 ob
380 2418 634 2512 rempublicam,
655 2419 689 2485 in
706 2419 851 2487 hostium
868 2401 1059 2511 potestate³,
1078 2415 1230 2484 relictum
1251 2415 1300 2482 iri.

281 2607 345 2660 Car.
360 2607 446 2662 CXII.
458 2627 481 2662 ῐ.
494 2610 566 2661 Posse
575 2609 749 2660 conditionibus
792 2619 887 2679 cuprum
898 2628 908 2670 ‚·
919 2621 946 2660 et
961 2609 997 2660 sic
1008 2625 1114 2678 quoque
1124 2607 1225 2678 optimc
1238 2625 1301 2679 pro·

241 2685 327 2737 bellum
338 2691 404 2756 poni.
421 2690 487 2740 Pori
498 2689 662 2760 bellum,pro
678 2687 748 2741 desi·
793 2687 888 2741 cedit:
912 2713 922 2734 ι
945 2687 1087 2740 Hominem
1103 2685 1242 2752 nobilem,
1261 2687 1304 2759 qai

241 2783 316 2826 nere,
335 2778 364 2818 ut
380 2785 458 2838 cupra
474 2769 637 2834 LXXXIII,
653 2769 745 2838 deponi.
792 2773 838 2819 erit
849 2769 876 2820 in
890 2767 1006 2820 hostium
1022 2777 1164 2838 potestate,
1183 2785 1238 2819 non
1255 2784 1301 2818 saa

243 2843 437 2907 conditionibus,
449 2847 466 2898 i.
482 2867 505 2899 e.
519 2865 573 2899 non
591 2866 623 2899 ex
638 2848 748 2900 arbitrio
792 2845 966 2919 ignavia,aed
979 2847 1014 2899 ob
1026 2846 1234 2918 rempublicam,
1247 2863 1301 2897 non

241 2923 458 2990 victoria,aedex
469 2924 749 2980 loedereinterutrem-
792 2927 826 2979 ibi
840 2927 962 2980 relictum
978 2927 1020 2980 iri.
1039 2951 1050 2972 ι
1069 2923 1170 2978 Eadem
1186 2925 1301 2978 latinita-

241 3021 294 3074 que
305 3017 408 3076 partem
425 3007 582 3076 composito.
792 3007 826 3060 tia
847 3007 916 3060 ratio
933 3025 1013 3078 supra
1033 3006 1096 3058 XCI
1114 3023 1120 3058 ε
1139 3024 1199 3076 pars
1216 3008 1301 3056 αἰνέω

284 3103 309 3136 n.
320 3085 407 3136 Pacem
420 3097 555 3138 contentam
562 3087 747 3153 frustrasuisre.
793 3097 862 3138 entra
874 3090 958 3138 moem'a
970 3090 995 3138 in
1006 3087 1106 3137 bostium
1119 3080 1300 3155 potestatem.

241 3161 302 3214 Non
315 3164 366 3217 boc
378 3165 508 3237 intellige:
521 3167 679 3232 Pacsrustm
691 3185 748 3218 con·
792 3186 846 3238 qius
861 3179 927 3227 erat,
947 3178 992 3219 aut
1005 3165 1095 3236 potius
1112 3164 1204 3228 ammi
1220 3163 1301 3217 latine

243 3255 309 3295 venta
317 3247 386 3312 fuit;
400 3243 459 3311 aed,
469 3267 522 3316 pax
534 3258 647 3298 conventa
653 3248 748 3313 frustra
793 3243 846 3297 dici
865 3259 960 3317 potam.
971 3242 982 3308 )
993 3243 1064 3297 Vide
1084 3243 1171 3297 Sauct.
1185 3243 1300 3298 Mirum.

235 3323 311 3388 fuit‚·
336 3323 430 3378 eodem
457 3345 554 3392 sensu,
583 3345 637 3398 quo
669 3344 749 3396 supra
793 3343 835 3388 tv,
849 3331 879 3387 4,
894 3324 928 3377 de
944 3325 1029 3397 ellipsi
1044 3319 1185 3377 nominum
1196 3333 1301 3395 etpur-

241 3403 528 3468 LXXIll‚extr.,ear-es
527 3409 623 3475 frustra
624 3407 685 3475 suit.
697 3405 751 3456 No·
792 3405 954 3474 ticipiorum.
964 3437 1002 3448 -
1011 3405 1093 3456 Panlo
1105 3420 1185 3474 cupra
1193 3403 1302 3456 Curtius

242 3481 748 3558 taudeestraraloquutiofflacconrenta.
792 3485 894 3554 legitur
904 3495 1045 3555 potestatam
1063 3483 1176 3544 bulanu
1190 3493 1218 3534 et
1237 3482 1301 3545 bic,

283 3563 309 3616 3.
323 3564 380 3616 Non
395 3585 439 3616 sua
455 3569 566 3636 i'gnavia,
584 3566 628 3618 sed
644 3565 674 3616 ob
688 3585 748 3615 rem-
792 3565 916 3616 nosterE
929 3567 954 3614 in
966 3564 1067 3615 bustim
1081 3573 1231 3634 potestatam.
1251 3563 1301 3614 Ar·

237 3642 359 3712 publicam
377 3648 402 3696 in
419 3647 520 3697 bostium
542 3657 668 3716 putatote.
688 3645 748 3714 Bip.
792 3643 937 3696 chaismum
945 3643 1016 3696 bunc
1026 3643 1139 3696 libenter
1147 3639 1301 3705 admittam,

242 3739 288 3772 nou
303 3743 347 3774 rua
362 3735 455 3795 captum
469 3725 628 3792 igneum-ita
641 3737 671 3776 ut
682 3736 751 3776 atru-
793 3723 815 3774 ai
834 3724 932 3776 certior
954 3737 1012 3788 ent,
1033 3739 1113 3793 quam
1135 3723 1215 3793 liujus
1235 3720 1302 3784 loci,

240 3813 316 3854 ctum
331 3804 381 3856 sit:
401 3831 412 3850 ι
428 3803 564 3856 homiuem
580 3804 748 3856 nobilemffl
792 3806 922 3874 scriptura
941 3804 1062 3856 locorum
1087 3819 1154 3874 quoa
1173 3801 1203 3853 iu
1217 3817 1305 3854 exem-

239 3898 295 3932 non
314 3883 436 3936 relictum
463 3883 497 3936 iri
521 3883 549 3936 in
566 3883 684 3936 hostium
699 3901 749 3954 po·
792 3883 869 3954 plum
884 3884 962 3937 affert
976 3882 1093 3938 Curtius.
1110 3881 1178 3932 Nam
1194 3879 1260 3932 citat
1272 3897 1304 3932 ex

240 3961 425 4017 manased
439 3981 524 4036 neque
534 3963 749 4034 Cortiua,neque
793 3963 907 4028 Quintil.
924 3981 975 4028 vt,
990 3981 1025 4027 a,
1048 3987 1060 4009 ι
1075 3979 1148 4031 mque
1170 3963 1232 4011 mim
1248 3971 1304 4011 suat

240 4037 362 4106 Haverc,
371 4061 457 4114 neque
466 4045 550 4098 nostri
560 4042 640 4100 codd.
649 4045 749 4098 babent
794 4055 870 4095 motus
892 4047 1036 4095 mnostrum
1056 4051 1224 4111 potestaten:
1245 4063 1257 4086 ι
1279 4052 1304 4090 ει
