2922 4642
550 383 826 455 CATILINA.
1176 385 1223 458 ιδ

151 517 271 616 gloria,
287 517 488 614 imperinm,
503 517 653 612 potentia
667 516 886 610 sequebatur;
906 516 1084 588 hebescere
1097 520 1224 612 virtus,

151 640 328 723 paupertas
356 624 483 720 probro
512 623 652 710 baberi,
681 625 869 693 innocentia
902 649 965 718 pro
998 623 1226 698 malivolentia

152 733 226 804 duci
253 729 388 828 eoepit².
410 732 518 825 Igitur
535 755 576 799 ex
600 729 723 799 divitiis
742 730 952 824 juventutem
976 731 1105 801 luxuria
1126 748 1226 830 atque

153 843 289 910 avaritia
311 863 389 907 cum
412 836 567 932 superbia
586 839 762 906 invasere:
785 862 920 933 rapere,
933 863 1146 926 consumere;
1166 867 1226 912 sua

155 951 248 1042 parvi
269 945 435 1042 pendere,
450 942 556 1013 aliena
576 967 719 1038 cupere3
735 943 916 1038 pudorem,
933 946 1127 1040 pudicitiam
1134 932 1158 1036 ³,
1176 950 1223 1019 di·
1312 973 1315 980 ·

154 1056 343 1148 sinuatque
357 1052 505 1121 humana
520 1051 728 1145 promiscua,
745 1051 828 1120 nibil
843 1053 936 1146 pensi
948 1067 1048 1147 atque
1062 1054 1226 1128 moderati

154 1159 286 1229 habere.
306 1162 429 1255 Operoe
451 1159 595 1253 pretium
620 1171 670 1226 est
683 1143 707 1244 ⁴,
731 1183 835 1252 quum
863 1158 980 1227 domos
1007 1175 1106 1255 atque
1129 1162 1224 1233 villas

155 1268 348 1361 cognoveris
371 1269 406 1335 in
428 1265 562 1334 urbium
585 1263 721 1334 modum
745 1265 985 1353 exaedificatas,
1007 1269 1114 1335 visere
1140 1283 1225 1339 tern-

154 1371 208 1468 pla
227 1373 365 1443 deorum
382 1397 456 1466 quae
475 1373 580 1440 nostri
601 1372 760 1466 majores,
782 1370 1031 1466 religiosissumi
1050 1375 1224 1466 mortales,

154 1480 271 1550 fecere.
289 1483 417 1549 Verum
440 1476 486 1548 illi
512 1477 651 1547 delubra
676 1477 816 1548 deorum
845 1481 992 1574 pietate,
1019 1479 1136 1551 domos
1165 1509 1225 1552 sua

154 1586 275 1680 gloria,
289 1585 511 1674 decorabant;
526 1609 634 1680 neque
649 1587 745 1654 victis
760 1585 940 1681 quidquam
957 1601 1077 1682 praeter
1095 1591 1223 1684 injuriae

154 1679 337 1764 licentiam⁵
356 1691 550 1788 eripiebant.
565 1695 609 1761 At
627 1691 662 1761 hi
683 1708 799 1762 contra
819 1696 1033 1789 ignavissumi
1053 1695 1223 1786 homines,

154 1825 213 1896 per
234 1825 402 1870 summum
423 1797 547 1888 scelus,
568 1801 682 1868 omnia
701 1823 741 1868 ea
758 1802 856 1870 sociis
878 1801 1039 1887 adimere,
1063 1827 1136 1898 quae
1155 1805 1223 1874 for-

154 1910 282 1978 tissumi
303 1911 368 1978 viri
388 1911 532 1977 victores
551 1906 703 1976 hostibus
726 1905 941 2004 reliquerant3
967 1909 1107 2004 proinde
1128 1915 1223 2006 quasi

153 2015 308 2108 injuriam
327 2013 453 2103 lacere,
473 2013 507 2084 id
527 2012 662 2082 demum
685 2029 770 2083 esset
787 2017 926 2108 imperio
948 2019 1007 2084 uti.

97 2113 150 2276 st
209 2123 307 2188 Xlll.
324 2124 411 2192 Nam
426 2120 507 2216 quid
520 2146 560 2190 ea
576 2145 759 2190 memorem
777 2145 867 2214 quae,
882 2123 944 2190 nisi
963 2123 1002 2190 iis
1022 2124 1079 2215 qui
1093 2123 1224 2212 videre,

154 2229 282 2295 nemini
303 2227 471 2298 credibilia
491 2242 583 2316 sunt,
601 2252 621 2296 a
641 2229 779 2322 privatis
797 2225 1024 2321 compluribus
1046 2229 1223 2300 subversos

155 2347 302 2422 montes,
329 2337 435 2404 maria
461 2333 674 2404 constructa¹
696 2331 941 2423 essel'Quibus
961 2333 1044 2404 mihi
1069 2333 1225 2406 videntur

154 2547 278 2606 postqum
295 2553 387 2604 eoepene
406 2546 434 2588 et
445 2545 572 2606 postquam
584 2553 666 2606 seque-
753 2539 779 2596 4.
801 2533 890 2604 Operae
908 2538 1013 2604 pretium
1030 2547 1081 2598 est,
1103 2549 1153 2590 etc.
1172 2537 1225 2594 Hie

157 2614 234 2667 baren
257 2613 412 2668 &mudum
436 2614 488 2668 hoc
505 2614 617 2667 verbum
637 2615 667 2666 in
710 2614 807 2685 templs
829 2633 844 2666 s
864 2615 1008 2686 majoribus
1032 2615 1139 2670 condita
1161 2638 1224 2673 eum

157 2694 311 2766 imperfecto
330 2705 394 2760 est,
413 2693 476 2765 quis
493 2692 546 2746 boe
562 2705 668 2765 ternpus
709 2693 939 2765 privatissuorum
949 2695 1090 2766 eqrsslium
1099 2696 1225 2754 domibus

155 2774 275 2828 bustam
297 2774 394 2846 saepius
415 2775 458 2827 vel
484 2774 667 2827 continuatam
710 2773 828 2839 confert,
844 2787 874 2827 ut
894 2776 1070 2829 recentiorem
1089 2778 1224 2834 luxuriam

157 2855 283 2908 ιοῑίοιιειιι
307 2853 417 2908 indiest.
438 2854 564 2908 Ceterum
578 2853 668 2907 minus
711 2853 794 2924 antiq.
807 2855 982 2926 simplicitatis
991 2857 1114 2928 exemplo
1122 2873 1223 2930 arguat.

157 2953 225 2988 nova
235 2933 425 2988 videbimilln
436 2934 669 3005 mutatio,sigell.
753 2933 999 3007 5.Praeterirrj11rioe
1014 2938 1142 2992 licentiam.
1155 2939 1226 2994 Prte-

156 3015 267 3070 serteris
278 3027 406 3086 pestqm
418 3033 487 3083 nors,
499 3017 582 3067 erube
596 3031 669 3084 ons,
712 3025 753 3067 ter
773 3014 925 3068 laenitatem
947 3016 1052 3088 injurie
1063 3019 1165 3090 populo
1178 3039 1224 3074 ro·

159 3093 217 3160 sed,
233 3113 335 3148 omis
350 3112 418 3158 ons.
711 3111 790 3148 mano
804 3095 958 3149 inserenda.

198 3194 225 3228 a.
238 3176 380 3228 Imma
387 3193 436 3245 pm
444 3175 603 3228 malivolentia
613 3175 671 3228 duci
752 3175 817 3228 Car.
827 3176 1222 3234 xffl.1.Marta00asrmea.At

158 3258 235 3326 serpsit
252 3254 286 3308 ld
299 3256 386 3321 est,si
401 3255 460 3326 quis
473 3257 576 3326 integer
587 3267 614 3308 et
625 3255 669 3308 in·
712 3267 849 3318 constratoe,·
864 3254 974 3328 quidum
989 3257 1069 3309 etism
1088 3270 1222 3314 cosmeta.

158 3353 255 3390 nocens
267 3348 354 3399 esset,
363 3335 446 3388 ceteri
459 3335 512 3387 sibi
520 3336 591 3389 male
600 3335 669 3390 velle
712 3335 864 3408 Utrumque
874 3335 952 3389 mele.
962 3335 1083 3407 Quippe,
1094 3355 1151 3409 cap.
1160 3340 1224 3407 XX,

157 3431 233 3481 euin,
249 3427 277 3469 et
290 3415 431 3469 inimicum
447 3433 503 3468 esse
525 3415 668 3470 duoebsnt.
712 3433 802 3468 rursus
811 3416 930 3487 loquitur
937 3427 1030 3467 noster
1039 3413 1073 3468 de
1083 3420 1225 3472 exstruendo

157 3493 247 3550 Bonus
270 3495 343 3550 enim
364 3495 435 3548 inter
456 3496 539 3550 malos
558 3515 591 3551 ex
619 3496 669 3550 slis
713 3499 785 3557 mart,
801 3493 830 3548 id
849 3507 903 3562 est,
926 3492 1092 3548 exstruendis
1111 3497 1140 3550 in
1156 3500 1224 3552 mari

158 3573 341 3630 lactioneesse
354 3574 470 3629 videtur.
713 3575 840 3630 adificiis.
867 3576 997 3630 Praeterea
1022 3576 1157 3646 oppositio
1184 3591 1225 3632 est

199 3657 225 3709 3.
233 3656 369 3718 Pudomn,
381 3657 533 3727 pudicitiam.
542 3655 634 3710 Pudor
644 3669 671 3710 et
714 3657 784 3710 inter
798 3657 919 3710 subversos
939 3667 1029 3708 montes
1047 3667 1072 3707 et
1087 3667 1226 3710 eomtrueta

156 3734 285 3807 pudicius
291 3735 423 3790 differunt
429 3737 533 3790 interne
538 3748 670 3807 ,utgenns
714 3739 803 3798 maria,
821 3755 879 3808 quo
892 3737 978 3808 perit,
991 3736 1013 3790 si
1026 3737 1102 3790 aliter
1119 3738 1224 3810 legeris.

156 3829 185 3868 et
199 3817 306 3889 species.
319 3817 408 3870 Pudor
424 3829 463 3869 est
478 3829 563 3870 metus
579 3835 672 3870 rerum
715 3817 874 3872 conferetur
888 3817 1027 3882 Horatius,
1044 3815 1098 3871 Od.
1112 3835 1163 3886 ιιι,
1184 3837 1196 3873 ι
1216 3837 1225 3873 :

156 3898 291 3968 turpium
299 3897 434 3968 pudks'tia,
446 3896 610 3951 continentia
618 3915 633 3951 ι
642 3897 673 3952 li·
746 3899 872 3945 Coum
885 3897 961 3958 pisces
973 3910 1069 3958 *tw*
1078 3895 1196 3954 mm,

155 3975 331 4032 lidiaellree
339 3975 551 4050 magisntquod
559 3979 672 4051 proprie
729 3958 1228 4082 ,Jffissgl‘gz'mffifbrfflffig‘qml

155 4075 299 4124 sommas,
313 4058 428 4128 'rudem
439 4057 485 4110 ille
497 4076 580 4125 vero,
593 4059 672 4112 latins
779 4085 839 4130 Cum
855 4083 963 4143 smum,
975 4084 1130 4150 domium
1145 4096 1211 4137 „m

154 4149 263 4208 permte
273 4139 497 4206 sensudtonnear.
748 4145 897 4196 Fastidientis.
987 4174 991 4182 ·
