2950 4646
245 395 316 470 160
504 402 542 469 C.
571 401 739 470 CRISPI
767 399 1043 469 SALLUSTII

189 612 192 620 ¹
240 557 359 629 genere
370 535 559 629 propinqui,
570 534 731 605 beneficio
743 559 818 604 meo
832 533 950 604 fratres
962 549 1050 622 sunt,
1061 559 1156 606 caros
1168 535 1306 623 habeas3

239 665 307 710 neu
327 641 422 710 malis
440 639 562 711 alienos
584 642 790 738 adjungere,
808 666 909 737 quam
931 643 1090 736 sanguine
1111 644 1307 738 conjunctos

239 750 389 817 retinere.
413 750 491 819 Non
508 753 695 838 exercitus,
721 773 829 843 neque
849 734 1016 819 thesauri⁶
1039 749 1189 846 praesidio
1212 754 1306 846 regni

239 869 335 939 sunt5
350 879 467 924 verum
478 857 592 944 amici,
602 881 686 951 quos
701 880 811 952 neque
828 857 927 926 amnis
946 879 1202 953 cogere,neque
1223 883 1306 926 auro

238 985 356 1056 parare
375 986 476 1056 queas
488 961 638 1032 :·officio⁷
653 961 764 1032 etfide
786 965 969 1058 pariuntur.
994 965 1079 1053 Quis
1100 979 1211 1036 autem
1230 967 1308 1034 ami·

239 1055 339 1157 cior⁸,
361 1093 461 1163 quam
476 1067 579 1138 frater
596 1068 715 1139 fratri?
731 1084 792 1140 aut
809 1095 908 1166 quem
925 1069 1068 1140 alienum
1091 1071 1195 1141 fidum
1213 1073 1304 1140 inve·

237 1174 322 1263 niet,
336 1175 362 1244 si
375 1176 440 1245 tuis
451 1175 554 1245 hostis
567 1175 687 1245 fueris?
697 1176 859 1271 Equidem
871 1201 933 1272 ego
945 1176 1039 1247 vobis
1057 1203 1199 1272 regnum
1210 1178 1306 1246 trado

236 1279 391 1366 firmum,
415 1285 442 1351 si
456 1282 536 1352 boni
550 1285 660 1371 eritis;
673 1284 700 1352 si
721 1281 815 1371 mali,
831 1281 1040 1352 imbecillum.
1063 1285 1152 1354 Nam
1173 1309 1308 1355 coneor-

237 1385 292 1456 dia
314 1413 425 1484 pnrvae
446 1407 501 1459 res
527 1403 706 1477 crescunt,
728 1388 893 1458 discordia
912 1413 1075 1459 maxumae
1102 1389 1306 1460 dilabuntur.

236 1495 395 1564 Ceterum
423 1509 500 1564 ante
520 1495 583 1564 hos
604 1509 654 1582 te,
671 1495 858 1589 iugurtha,
879 1497 936 1590 qui
962 1509 1057 1565 aetate
1084 1510 1120 1564 et
1146 1497 1310 1590 sapientia

236 1601 329 1694 prior
350 1625 402 1688 es,
421 1625 463 1669 ne
484 1599 579 1668 aliter
598 1601 679 1696 qnid
705 1599 867 1697 eveniat-⁹,
889 1601 1064 1697 providere
1089 1601 1193 1671 decet.
1215 1603 1307 1674 Nam

235 1702 380 1774 inomni
400 1707 598 1796 certamine,
611 1709 669 1802 qui
689 1706 877 1803 opulentior
902 1723 953 1777 est
965 1707 1000 1797 ¹⁰,
1021 1711 1120 1778 etiam
1139 1709 1166 1777 si
1184 1711 1310 1802 accipit

235 1812 414 1904 injuriam,
435 1815 513 1908 quia
536 1812 611 1908 plus
633 1828 757 1909 potest,
778 1814 887 1884 faeere
907 1814 1050 1884 videtur.
1079 1817 1150 1884 Vos
1176 1829 1308 1906 autem,

232 1917 403 1988 Adherbal
425 1933 459 1988 et
478 1920 667 2016 Hiempsal,
689 1920 804 2010 colite,
826 1921 999 1991 observate
1020 1917 1121 1991 talem
1142 1921 1233 1991 hunc
1255 1922 1307 1989 vi·

236 2051 330 2115 rum,
351 2028 527 2096 imitamini
545 2029 726 2116 virtutem,
748 2043 782 2098 et
803 2029 986 2116 enitimini,
1004 2054 1048 2098 ne
1069 2053 1131 2124 ego
1152 2027 1306 2100 meliores

234 2131 387 2203 liberos¹¹
406 2135 583 2228 sumpsisse
600 2135 734 2225 videor,
755 2159 856 2230 quam
876 2137 1036 2232 genuisse.
1056 2165 1074 2200 2>

271 2317 748 2391 .6.Nonexercitusrtequetltesauri.stl·
833 2337 861 2387 9.
875 2319 915 2372 Ne
930 2319 1001 2371 aliter
1013 2318 1073 2392 quid
1085 2321 1184 2371 ermini.
1203 2318 1308 2391 Nempe

235 2399 330 2452 iustius
342 2397 549 2470 Xenophontem
564 2399 680 2452 imitatus
694 2412 750 2464 eat,
792 2398 865 2450 aliter
886 2417 966 2470 quam
990 2398 1069 2471 cupio
1090 2411 1117 2451 et
1138 2417 1250 2464 moneo;
1272 2417 1307 2453 ex

235 2474 748 2551 Cyrop.rn1,0iro'‹irrixpoootrotoirr·
792 2477 1307 2551 quoexponerepossiatnequidfnnes·

235 2579 290 2630 spor
304 2560 333 2610 τὸ
344 2560 388 2615 τὴν
404 2555 531 2612 iustitias
549 2554 671 2619 διασῶζόν
688 2559 748 2618 inv·
791 2569 850 2610 tunt
865 2559 977 2612 eveniat.
992 2559 1036 2612 sic
1048 2559 1106 2612 Liv.
1122 2577 1162 2626 tt,
1175 2559 1306 2630 37:11n·

237 2636 300 2694 ἀλλὰ
318 2641 338 2691 οἱ
354 2638 439 2690 πολλοὶ
458 2639 520 2708 φίλοι
538 2643 661 2709 σκῆπτρον
676 2635 749 2690 caet·
791 2637 862 2691 vitus
877 2637 952 2709 quod
968 2637 1074 2710 sequius
1094 2638 1129 2692 sit
1147 2636 1183 2692 de
1203 2638 1308 2693 civibus

234 2723 314 2770 λιῦσιν
324 2719 488 2773 ἀληθέστατον
499 2717 542 2770 καὶ
550 2719 748 2788 ἀσφαλέστατον.
791 2717 857 2770 meir
872 2717 998 2790 loquor.»
1009 2719 1065 2771 Ubi
1078 2722 1172 2790 sequias
1180 2713 1307 2791 (eompa-

235 2796 456 2851 Sallustiumrero
464 2795 657 2862 Herodianus,r
670 2799 748 2850 :oiri
791 2797 869 2850 ratis.
880 2817 912 2851 ex
923 2819 1002 2860 secus,
1017 2797 1046 2850 id
1061 2811 1117 2864 ert,
1129 2795 1214 2861 aliter)
1221 2796 1307 2865 dixit,

235 2876 283 2948 γὰρ
302 2877 435 2948 χρημάτων
455 2880 545 2936 πλῆθος
567 2871 637 2928 obdis
657 2879 749 2948 obrep-
792 2895 826 2929 ne
853 2879 1045 2932 centimetrorum
1069 2875 1176 2932 dioeret.
1201 2873 1240 2930 Ei
1258 2878 1307 2931 bic

235 2958 275 3018 κὶς
278 2996 323 3010 .....
332 2995 339 3022 ,
354 2957 408 3008 οὔτι
424 2950 559 3026 δορυφόρων
574 2957 662 3027 φρουρὰ
675 2957 749 3011 ἱκανὰ
792 2975 898 3029 quoqne
911 2958 1022 3030 Micipsa
1031 2975 1088 3012 rem
1101 2958 1220 3011 oratione
1233 2957 1306 3010 mol-

235 3039 332 3108 pitoiot
343 3037 383 3088 riv
397 3034 588 3106 ἄρχονταμῑμὴ
596 3037 748 3108 προϋπάρχοι
790 3037 841 3090 lise
855 3038 949 3092 voluit.

234 3117 313 3174 ἡτῶν
325 3117 439 3172 ὑπηκόων
454 3115 541 3168 tiliato·
552 3115 671 3168 Omnino
684 3135 749 3169 oon·
835 3135 878 3172 ro.
899 3117 950 3189 Qui
970 3119 1103 3190 opulentior
1125 3129 1168 3170 ert.
1191 3117 1307 3172 Viribus

237 3196 337 3249 feratur
354 3193 425 3268 apud
441 3197 558 3268 priorem
578 3196 662 3268 Cyri,
677 3195 749 3268 apud
791 3197 939 3270 opibusque
960 3199 1135 3270 prestantior.
1154 3219 1192 3234 ···
1211 3199 1308 3254 Facere

236 3277 349 3330 alterum
357 3277 395 3329 Μ.
401 3276 502 3329 Aurelii
509 3275 647 3330 morientia
653 3277 748 3331 oratio.
790 3279 895 3331 oiliemr.
914 3279 997 3332 Insita
1014 3279 1132 3332 humano
1149 3278 1239 3331 animo
1256 3296 1308 3331 na-

277 3376 305 3427 7.
320 3355 420 3428 Officio.
437 3355 558 3410 Officiosi
572 3358 655 3410 animi
670 3357 749 3428 signi·
791 3371 864 3424 tura,
873 3357 1116 3430 qui,utnitSenec.
1127 3355 1221 3412 Pliten.
1232 3357 1306 3426 385,

236 3436 375 3504 ficatione3
385 3435 529 3490 benefieiis.
548 3435 672 3504 Galliae,
687 3437 748 3489 obii·
791 3455 894 3510 semper
908 3437 1016 3508 iniirtno
1031 3439 1111 3491 favet.

234 3535 337 3588 grance,
352 3517 453 3586 egerit„
468 3529 513 3569 stc.
834 3537 878 3571 11.
893 3519 999 3572 liberor.
1015 3519 1155 3571 Neminem
1164 3527 1236 3570 certe
1247 3535 1308 3570 mo·

278 3601 305 3653 8.
322 3597 384 3667 Quis
396 3609 474 3649 autem
489 3599 596 3649 amicior.
606 3597 703 3652 Waase
716 3615 748 3650 ex
790 3598 910 3664 rabitur,
928 3596 1003 3670 quod
1018 3598 1119 3664 liberos,
1135 3595 1169 3650 de
1184 3613 1238 3649 uno
1253 3598 1306 3651 Ju-

236 3676 385 3730 Menandro
400 3677 512 3730 similem
521 3693 629 3747 prorsus
643 3689 748 3731 senten·
790 3679 899 3748 gurtha,
914 3677 1019 3732 dixerit.
1037 3677 1082 3732 stc
1097 3675 1170 3751 apud
1182 3675 1308 3747 Lirim,

237 3754 302 3810 tiam
321 3755 409 3809 attulit
428 3775 435 3808 :
452 3754 531 3825 νόμιζ’
551 3751 670 3826 diritatis
690 3758 747 3818 robe
792 3758 843 3822 50,
866 3759 1022 3830 Virginius,
1045 3757 1107 3811 titia
1129 3757 1308 3824 interlector,

236 3837 455 3905 ὀληθινοὺςφίλους.
463 3833 598 3888 Addemus
606 3853 638 3888 ex
644 3837 747 3908 optimo
790 3837 1114 3892 oommilitouesorobotroe
1128 3849 1191 3892 saut
1199 3841 1308 3908 prm'ci·

237 3929 264 3969 et
278 3916 338 3971 viro
348 3929 375 3969 et
384 3927 463 3986 poeta
477 3927 610 3981 nostrate,
621 3916 745 3986 Lemavi,
789 3917 846 3970 dom
857 3913 973 3980 liberum(
979 3914 1119 3982 liberorum)
1129 3929 1306 3972 aversarentur.

237 3997 306 4049 Mort
320 3993 429 4049 d'Atet:
789 3997 825 4050 Et
843 4010 933 4052 norun
958 4015 1066 4071 quoque
1083 3997 1185 4070 lingua,
1206 3997 1308 4070 plurali

237 4083 275 4128 tin
286 4083 346 4131 frere
355 4081 746 4147 estunamidonne'parknature.
789 4095 902 4133 numero
915 4077 987 4137 Guti
1002 4097 1071 4150 rope
1085 4077 1212 4146 utimur,¹
1221 4076 1313 4134 etiam
