2950 4646
524 417 875 488 ARGUMENTA.
1161 430 1232 516 ¹43

279 563 311 612 et
322 567 442 612 somno
457 543 621 610 demersos
635 563 816 636 erumpunt
832 548 989 631 Romani,
1000 553 1176 643 pluresque
1195 581 1234 624 eo

278 652 411 742 prelio,
438 673 539 739 quam
567 651 724 716 mnibus
755 655 1001 742 superioribus,
1020 659 1233 744 interficiunt.

169 761 208 824 C.
231 759 352 824 Marius
365 761 402 827 in
414 758 549 824 bibo-na
559 756 683 836 tendit,
697 759 817 837 sicam,
833 783 894 827 uec
909 763 1018 830 minu
1032 765 1109 832 ideo
1124 767 1235 833 adver-

277 889 332 932 sus
347 865 498 930 hostilem
512 865 673 954 impetam
688 883 813 932 casim.

170 974 223 1038 Cl.
246 971 343 1037 Haud
359 974 473 1062 protatl
486 972 529 1036 ab
545 971 667 1062 oppido
680 972 773 1037 Cirta
792 973 912 1038 iterum
935 976 1045 1042 hostes
1065 999 1232 1068 apparent.

278 1080 430 1144 Praelium
451 1079 584 1170 ingens,
607 1080 643 1142 in
669 1102 737 1167 quo
758 1079 875 1168 Sylla,
897 1081 1045 1148 &entus
1060 1135 1070 1168 ,
1088 1086 1233 1165 blasius,

278 1185 439 1276 Jugurtha
455 1202 587 1250 strenue
602 1184 779 1250 wenna
796 1187 947 1274 Denique
961 1189 1071 1258 hostes
1085 1192 1251 1282 undique*

276 1293 352 1356 fusi.

173 1397 243 1462 ΟΠ.
266 1397 387 1462 Marius
412 1396 533 1461 Cirtam
557 1395 749 1486 ingreditur.
773 1397 824 1462 lbi
848 1420 907 1488 per
930 1399 1050 1490 legatos
1069 1423 1088 1465 a
1105 1403 1233 1468 Boccho

280 1521 429 1595 rogatus,
445 1503 487 1568 ad
504 1525 579 1568 eum
603 1504 705 1570 mittit
726 1505 847 1593 Syllam
863 1521 896 1571 et
913 1505 1072 1574 Manlium
1092 1509 1136 1574 de
1157 1533 1233 1600 pace

279 1610 526 1676 acturos.Verba
541 1611 634 1698 Syllae
645 1609 685 1674 ad
698 1612 880 1697 bocchum,
893 1615 951 1702 qui
967 1637 1042 1678 mort
1053 1616 1094 1680 ab
1105 1617 1233 1698 amicis,

278 1718 446 1808 Iugurthae
462 1717 601 1806 pecunia
613 1719 793 1806 corruptis,
811 1719 853 1784 ad
867 1719 957 1786 aliud
974 1723 1149 1790 consilium
1169 1741 1233 1788 tra-

277 1825 377 1890 bitur.

170 1933 256 1998 Clll.
279 1934 406 1996 Interea
424 1931 547 1996 Marito
562 1955 640 1996 curu
656 1929 812 2021 expeditis
829 1932 872 1997 ul
887 1933 1100 2000 obsidendam
1116 1937 1233 2001 turrim

277 2039 396 2128 regiam
412 2039 447 2100 in
474 2035 600 2102 &urta
618 2037 688 2101 loca
703 2037 928 2127 proficiscitur.
945 2041 1050 2105 Simul
1066 2043 1232 2126 bocchus,

277 2146 396 2210 iterum
411 2160 537 2212 munta
553 2160 679 2220 urente,
692 2166 793 2210 novos
808 2143 848 2208 ad
861 2145 996 2210 hiberna
1009 2149 1232 2213 Romanorum

276 2252 395 2344 legatos
411 2249 452 2320 de
468 2273 547 2340 pare
563 2249 675 2318 mittit.
694 2249 786 2332 Quos
814 2249 988 2316 liberaliter
1010 2252 1108 2318 babet
1124 2253 1233 2341 Sylla,

277 2375 419 2446 quaestor
434 2381 494 2446 pro
510 2373 648 2448 pretore
663 2380 682 2422 a
697 2356 802 2422 Mario
815 2356 956 2424 relictas.

169 2467 251 2532 CIV.
273 2467 431 2534 Reversus
458 2464 580 2532 Cirtam
602 2487 637 2530 re
652 2463 771 2530 infecta
793 2463 936 2548 Marius,
953 2463 1109 2531 advocato
1127 2469 1233 2532 conci·

277 2573 337 2653 lio,
349 2572 460 2661 legatis
471 2570 573 2636 eundi
587 2571 723 2638 Romam
735 2585 928 2666 potestatem
944 2571 1030 2638 facit.
1045 2569 1087 2636 Hi
1097 2596 1232 2663 respon·

277 2701 351 2742 sum
367 2680 479 2742 ferunt
497 2699 504 2742 ε
523 2677 652 2744 Boccho
667 2669 795 2744 reniam
811 2676 898 2762 dari;
920 2678 1093 2744 amicitiam
1117 2679 1230 2745 datum

276 2794 334 2871 iri,
350 2815 454 2880 quum
471 2793 637 2859 meruerit.

169 2903 233 2968 CV.
257 2902 379 2966 Marius
395 2902 518 2991 petenti
532 2901 660 2968 boccho
672 2901 792 2990 Syllam
806 2902 923 2979 mittit,
941 2901 982 2966 de
1000 2904 1230 2968 communibus

278 3009 414 3099 negotiis
432 3025 592 3072 acturum.
606 3007 667 3072 Hic
678 3031 755 3072 cum
767 3009 915 3096 equitum
927 3008 1140 3098 peditumque
1151 3034 1232 3100 prae-

278 3113 360 3179 sidio
375 3116 556 3204 profectus,
569 3114 688 3178 Bocchi
700 3113 802 3178 filium
816 3115 974 3180 Volucem
991 3139 1067 3180 cum
1084 3117 1230 3199 armatis,

278 3221 394 3309 quinto
411 3221 481 3302 die,
499 3219 633 3284 obvium
649 3220 757 3284 babet.

168 3327 249 3392 cvl.
275 3328 388 3410 Quum
402 3327 509 3390 Volux
521 3349 581 3390 sea
593 3343 683 3416 patre
701 3328 838 3396 missurn
854 3326 983 3389 obviam
999 3327 1152 3390 Romanis
1169 3327 1229 3390 do·

277 3434 416 3516 suisset,
432 3434 529 3497 simul
545 3433 607 3497 iter
630 3433 764 3498 faciunt.
788 3431 866 3495 Post
888 3429 1027 3494 biduum
1056 3433 1230 3496 nunciatur

275 3539 468 3628 Iugurtham
483 3537 587 3602 duum
603 3538 741 3601 millium
757 3536 923 3600 intervallo
940 3535 1132 3600 consedisse.

168 3645 265 3710 CVII.
288 3646 329 3709 ln
344 3659 436 3709 tanto
452 3644 640 3709 discrimine
656 3643 741 3732 Sylla
757 3665 833 3706 suos
852 3644 1016 3724 hortatus,
1033 3641 1229 3707 obtestatus·

277 3773 341 3838 que
359 3751 471 3814 lovem
483 3768 521 3815 ut
532 3749 639 3814 Mauri
654 3745 796 3838 perfidiae
809 3749 898 3813 testis
914 3747 1055 3832 adesset,
1071 3749 1229 3813 Volucem

277 3857 388 3920 castris
405 3857 492 3920 abire
512 3855 615 3938 jubet.
639 3855 716 3938 Quo
734 3872 841 3918 tamen
858 3853 925 3918 doli
943 3855 1159 3944 suspicionem
1176 3853 1231 3919 de·

277 3978 446 4050 precante,
463 3985 562 4050 seque
578 3961 730 4029 comitem
752 3963 929 4038 offerente,
946 3962 1031 4050 Sylla
1047 3983 1105 4049 per
1125 3959 1230 4028 media

277 4068 421 4157 Jugurtte
437 4085 539 4132 castra
554 4067 726 4131 incolumis
749 4067 864 4131 evadit.

169 4171 285 4240 cvm.
308 4175 456 4241 Bocchus
477 4175 636 4241 Dabarem
653 4172 846 4257 Numidam,
869 4197 907 4238 ex
924 4189 1019 4260 gente
1035 4173 1208 4242 Masinissae
1222 4225 1231 4260 ,
