2922 4642
188 375 328 432 xxxta
448 360 680 432 NOTITIA
708 358 1043 428 LITTERARIA

187 497 188 500 ’
210 494 395 590 inscriptis
416 494 564 564 veritatis
586 491 751 564 studiosus
769 505 803 562 et
823 489 1006 562 alienorum
1027 489 1202 578 vitiorum,
1218 490 1283 561 Ca·

211 605 298 672 tonis
326 625 365 670 ac
393 597 596 695 Thucydidis
622 597 813 696 exemplo¹,
834 595 1065 669 acerbissimus
1089 599 1284 687 insectator,

212 710 295 778 obiit
311 707 529 802 quadriennio
546 719 623 776 ante
639 731 787 804 pugnam
811 707 988 793 actiacam,
1012 729 1085 799 quae
1108 705 1286 774 commissa

213 829 264 885 est
277 839 365 884 anno
382 815 484 884 Urbis
502 811 590 910 723,
606 828 683 883 ante
702 813 782 884 Chr.
805 810 864 884 31.
880 815 1030 882 Numum
1045 825 1200 881 ornatum
1214 809 1285 880 Sal·

212 919 300 992 lustii
316 923 424 1017 capite
444 921 586 990 imberbi
607 919 710 990 edidit
727 921 872 1016 primum
894 918 1029 987 Fulvius
1050 918 1193 987 Ursinus
1208 942 1285 988 cum

162 1098 165 1110 ,
212 1029 429 1123 inscriptione
453 1029 626 1099 Salustuer
645 1027 771 1098 Autor.
795 1030 945 1096 Annotat
964 1049 1066 1120 porro
1088 1027 1138 1094 Jo.
1162 1025 1286 1113 Faber,

213 1159 354 1204 numum
373 1133 465 1204 illum
485 1133 586 1205 fuisse
608 1135 875 1220 contorniatum,
896 1136 1029 1202 autoris
1046 1157 1128 1202 vero
1140 1131 1287 1202 vocabu-

212 1241 283 1311 lum
301 1240 397 1311 aliter
411 1242 517 1337 accipi
539 1266 639 1337 quam
658 1241 790 1337 abipso
812 1237 984 1326 Sallustio,
1004 1239 1061 1334 qui
1081 1264 1110 1308 c.
1132 1235 1164 1310 3.
1189 1235 1285 1308 Catil.

214 1363 387 1419 auctorem
403 1373 516 1417 rerum
532 1373 553 1416 a
567 1350 729 1443 scriptore
742 1347 924 1442 distinguit.
939 1346 1176 1441 Inscriptioncs
1189 1346 1288 1415 etiam

214 1457 417 1550 antiquiores
431 1470 466 1524 et
476 1455 564 1524 aetati
579 1453 724 1524 Sallustii
737 1453 854 1524 vicinae
869 1452 959 1548 apud
970 1452 1113 1521 eundem
1127 1453 1288 1522 Ursinum

214 1589 248 1658 p.
273 1586 342 1658 90,
364 1563 450 1632 sicut
469 1575 503 1631 et
522 1559 718 1650 Quintiliani
744 1575 778 1629 et
798 1561 961 1630 Marciani
980 1557 1124 1654 Capellae
1141 1557 1289 1646 codices,

160 1752 163 1758 ¹
216 1683 250 1738 et
270 1669 416 1756 Horatii,
437 1691 559 1736 nomen
583 1665 665 1736 illud
683 1691 752 1736 non
770 1691 848 1737 cum
867 1663 1022 1761 simplici,
1044 1665 1102 1734 sed
1124 1665 1291 1761 geminata

216 1773 311 1843 litera
331 1776 392 1843 LL
409 1770 588 1843 efferunt²2
607 1771 696 1842 unde
714 1771 883 1843 concludit
899 1772 1022 1862 Faber,
1039 1770 1134 1841 illum
1150 1796 1291 1842 numum

218 1881 275 1950 diu
297 1894 375 1975 post
394 1878 538 1950 Sallustii
560 1894 690 1950 aetatem
712 1903 830 1949 cusum
853 1879 967 1968 fuisse,
991 1891 1025 1948 et
1042 1877 1183 1949 fortasse
1200 1892 1291 1966 tum,

217 2011 322 2083 quum
348 1984 493 2057 aliorum
522 2011 654 2082 quoque
677 1985 721 2056 ill.
747 1987 897 2055 virorum
923 1986 1017 2055 numi
1041 1984 1157 2054 eadem
1183 1983 1293 2053 forma

220 2107 299 2164 sunt
318 2095 478 2188 percussi.
493 2096 634 2163 Constat
649 2107 776 2178 autem,
799 2092 1002 2188 ejuscemodi
1016 2115 1155 2182 numos,
1173 2091 1293 2187 quibus

219 2201 383 2270 memoria
403 2215 555 2269 veterum
573 2198 741 2270 clarorum
759 2201 909 2270 virorum
931 2213 1200 2287 conservaretur,
1222 2224 1294 2269 coe-

221 2309 308 2404 pisse
327 2306 405 2376 cudi
420 2321 496 2403 post
509 2307 767 2378 Constantinum
781 2308 828 2378 M.
848 2320 882 2374 et
894 2307 1037 2374 maxime
1053 2304 1115 2374 sub
1131 2305 1294 2374 Honorio.

222 2412 369 2484 Dolcbat
385 2414 560 2484 Gisbertus
574 2416 745 2508 Cuperus,
762 2437 831 2481 non
844 2410 1010 2507 proditam
1024 2411 1066 2479 ab
1080 2411 1203 2480 Ursino
1218 2433 1294 2507 par·

223 2535 291 2588 tem
317 2521 411 2588 numi
432 2543 599 2607 aversam,
626 2519 688 2588 nisi
715 2517 839 2587 nudam
866 2517 1005 2588 fortasse
1028 2519 1160 2614 reperit.
1183 2519 1295 2588 Etiam

225 2628 303 2695 Car.
326 2627 461 2694 Patinus
480 2623 584 2694 edidit
600 2649 757 2710 numum,
779 2625 899 2719 inquo
919 2625 1008 2694 circa
1026 2637 1127 2720 caput
1140 2624 1218 2712 viri,
1237 2622 1296 2694 sed

225 2731 316 2826 quod
339 2730 424 2800 male
442 2729 620 2801 barbatum
637 2757 699 2827 pro
713 2731 805 2802 nudo
816 2729 967 2820 exhibet,
987 2731 1107 2827 legitur
1125 2732 1297 2804 Salustius

227 2841 351 2908 Autor.
365 2835 465 2906 Illum
476 2862 558 2908 vero
569 2840 760 2934 neutiquam
775 2837 985 2908 referendum
998 2851 1095 2934 putat
1106 2837 1149 2906 ad
1162 2839 1297 2933 scripto·

228 2969 299 3013 rem
321 2940 398 3013 belli
411 2945 587 3040 Jugunh„
606 2945 662 3015 sed
679 2946 847 3041 pertinere
867 2945 910 3014 ad
930 2943 1137 3034 Sallustium,
1150 2945 1207 3040 qui
1220 2969 1297 3014 cum

228 3051 371 3120 Leontio
389 3049 505 3121 consul
521 3051 584 3122 fuit
595 3077 647 3122 an.
665 3054 708 3121 U.
729 3053 767 3122 C.
794 3049 905 3148 1096,
922 3051 1002 3120 Chr.
1025 3049 1118 3139 344,
1136 3053 1298 3146 imperan-

228 3156 316 3227 tibus
335 3160 556 3228 Constantino
575 3159 725 3253 juniore,
748 3159 945 3228 Constantio
965 3172 998 3227 et
1017 3160 1219 3246 Constante,
1241 3158 1299 3252 qui

228 3263 345 3335 consul
357 3279 446 3335 certe
460 3289 479 3335 a
493 3265 664 3336 Zarabella
677 3264 848 3335 Sallustius
863 3278 961 3335 autor
976 3266 1241 3360 cognominatur.
1257 3267 1299 3333 In

228 3395 345 3442 aversa
360 3387 454 3467 parte
476 3373 622 3444 tresviri
638 3373 760 3468 togati,
781 3373 935 3467 equibus
949 3370 1077 3442 medius
1095 3384 1300 3442 manutenet

96 3573 110 3598 ⁸
231 3585 256 3634 r'u
270 3580 390 3632 adulterio
411 3599 464 3632 eren
484 3600 557 3633 uxore
577 3581 684 3644 Fausta,
700 3579 855 3652 Sulloefih'e,
863 3581 977 3654 flagellis
996 3601 1071 3635 coesru
1084 3599 1133 3632 esre
1146 3578 1253 3641 dicitur,
1274 3591 1303 3631 ut

230 3663 304 3728 refert
315 3660 436 3714 Asconius
452 3663 478 3712 in
489 3664 540 3730 eJ'us
556 3655 698 3726 (Milonis)
712 3665 774 3713 vita.
788 3659 865 3714 Adde
879 3661 1013 3729 Gellium,
1026 3661 1123 3726 XVII,
1140 3663 1192 3728 183
1206 3659 1301 3714 Sueto·

230 3740 306 3794 nium
321 3739 355 3793 de
367 3739 540 3794 Grammatic.
556 3759 614 3812 cap.
629 3741 679 3806 153
691 3754 717 3794 et
731 3742 910 3808 Lactant.11‚
926 3759 971 3796 12.

275 3865 299 3901 1.
320 3844 490 3918 Thucydidis
504 3847 629 3899 amulum
644 3859 722 3902 vocat
735 3847 871 3914 Velleius,
886 3848 929 3914 11,
942 3848 989 3903 36.

229 3970 303 4088 zap,
310 3953 343 4006 In
355 3953 491 4010 Plutarchi
499 3954 608 4023 ,·Di0n.‚
620 3953 750 4026 Stephani
760 3955 825 4026 Bye.
838 3951 927 4009 Suidu
936 3967 963 4010 et
973 3955 1087 4012 aliomm
1098 3955 1216 4011 Grecor.
1228 3951 1303 4008 libris

281 4051 384 4096 ουστιος.
