2910 4666
218 367 292 455 324
451 372 489 440 C.
518 369 705 439 CRISPI
739 367 1037 440 SALLUSTII

214 501 346 588 decere,
367 503 424 594 qui
444 525 560 570 manus
582 501 774 586 armaverit,
795 498 836 566 ab
853 501 986 568 inermis
1004 486 1161 593 pedibus³
1180 503 1270 570 auxi·

213 606 293 676 lium
312 622 438 702 petere,
453 610 486 674 in
511 631 665 676 maxumo
686 619 775 674 metu
798 605 924 673 nudum
943 619 977 673 et
1002 630 1125 675 caecum
1150 629 1270 700 corpus

213 713 255 782 ad
270 714 387 798 hostes
406 727 545 782 vortere.
565 713 694 782 Deinde
711 711 890 798 Volucem,
903 710 1208 805 quoninmhostilia
1224 713 1270 781 fa-

213 833 319 907 ceret,
333 843 524 888 maxumum
538 823 654 888 iovem
672 819 873 905 obtestatus,
887 833 925 886 ut
937 817 1067 886 sceleris
1087 831 1184 910 atque
1201 843 1272 913 per·

212 925 298 994 fidiae
312 925 435 994 Bocchi
452 926 542 994 testis
563 924 706 1012 adesset,
723 927 837 993 castris
852 924 941 992 abire
958 923 1061 1016 jubet.
1083 921 1141 992 Ille
1158 923 1269 993 lacru-
1359 925 1363 939 '

212 1055 305 1100 mans
334 1055 449 1120 orare,
472 1054 513 1100 ne
539 1055 578 1099 ea
596 1030 769 1100 crederet:
794 1029 873 1098 nihil
894 1029 971 1098 dolo
991 1030 1115 1100 factum
1133 1057 1141 1114 ς
1164 1033 1269 1126 magis

210 1135 386 1207 calliditate
403 1123 605 1232 Jugurthae⁴‚
627 1139 681 1206 cui
703 1133 855 1205 videlicet
876 1134 1056 1231 speculanti
1080 1137 1147 1204 iter·
1171 1161 1268 1206 suum

210 1246 379 1338 cognitum
397 1259 489 1313 esset.
510 1245 685 1330 Ceterum,
703 1245 858 1335 quoniam
876 1267 982 1336 neque
999 1245 1164 1336 ingentem
1183 1243 1267 1312 mul·

209 1351 383 1420 titudinem
400 1350 553 1434 haberet,
565 1363 598 1418 et
614 1373 688 1443 spes
702 1373 845 1442 opesque
860 1350 930 1442 ejus
943 1373 983 1417 ex
1000 1363 1094 1443 patre
1109 1373 1171 1417 suo
1188 1375 1265 1444 pen·

209 1457 339 1544 decent,
351 1456 444 1526 illum
459 1454 540 1524 nihil
560 1453 669 1549 palam
684 1449 856 1542 ausurum,
870 1479 972 1549 quum
990 1455 1059 1550 ipse
1076 1453 1161 1524 filius
1178 1458 1267 1526 testis

208 1563 361 1632 a'desset:
385 1583 487 1655 quare
508 1575 681 1654 optumum
705 1560 968 1646 factumvideri‚
988 1561 1174 1656 permedia
1197 1563 1267 1655 ejus

207 1682 314 1738 castra
339 1666 447 1762 palam
475 1668 614 1735 transire
634 1693 641 1734 :
663 1691 751 1752 sese,
773 1665 825 1736 vel
850 1669 1045 1762 praemissis,
1072 1666 1123 1735 vel
1144 1667 1266 1737 ibidem

207 1772 327 1842 relictis
350 1775 499 1861 Mauris,
517 1771 624 1842 solum
645 1797 721 1841 cum
742 1771 830 1840 Sulla
851 1774 983 1842 iturum.
1006 1777 1055 1842 Ea
1077 1798 1147 1862 res,
1168 1789 1207 1842 ut
1232 1777 1271 1860 in

206 1878 262 1947 tali
280 1865 609 1975 negotio⁵‚probata:
625 1903 663 1948 ac
682 1880 791 1947 statim
812 1879 970 1974 profecti,
986 1882 1061 1974 quia
1080 1879 1122 1948 dc
1140 1882 1264 1974 impro-

205 1987 277 2055 viso
298 1985 500 2073 acciderant,
518 1985 618 2053 dubio
640 1999 738 2080 atque
759 1985 928 2055 haesitante
945 1985 1126 2080 iugurtha,
1138 1985 1265 2056 incolu-

249 2189 274 2241 3.
284 2186 326 2240 Ab
336 2185 542 2257 inermupedibus.
554 2185 653 2238 Inermt's
663 2204 713 2257 pro
758 2206 798 2248 τις
817 2187 956 2252 σώζονται,
975 2185 996 2240 ol
1010 2182 1040 2238 dl
1061 2189 1190 2258 ριὺγοντις
1207 2190 1269 2243 ἀπο-

206 2267 331 2320 inermibus
344 2267 445 2338 primus
456 2267 575 2338 reposuit
585 2261 644 2317 Ald.
659 2265 714 2317 Ma·
756 2267 884 2322 θνήσκουσι
905 2271 994 2338 μᾶλλον
1019 2273 1067 2319 τῶν
1093 2271 1225 2338 μενόντων.
1251 2297 1262 2316 ι

206 2361 263 2401 uut.
287 2347 385 2399 Inerrnis
404 2358 443 2398 est
463 2345 491 2398 iu
510 2347 595 2398 tribus
616 2345 713 2397 nostris
757 2347 823 2411 Qum
837 2345 944 2418 quidem
957 2346 1048 2399 ultima
1061 2349 1265 2403 sententiacum

206 2430 244 2492 A,
255 2427 336 2492 C‚D;
344 2439 371 2479 et
382 2444 398 2478 a
411 2425 513 2490 Nonio,
526 2444 587 2477 cum
598 2435 654 2476 toto
662 2425 714 2476 hoc
757 2425 986 2490 antecedentibus,
999 2443 1088 2498 quanto
1100 2427 1173 2481 sibi...
1189 2433 1266 2481 minus

205 2507 280 2572 loco,
296 2507 408 2569 citatur,
428 2516 458 2556 ut
478 2517 586 2556 mutatae
601 2501 714 2556 declina·
753 2511 924 2578 pepercissent,
942 2507 1009 2558 mire
1024 2507 1153 2577 congruit.

205 2586 287 2638 tionis
309 2585 468 2655 exemplum.
488 2615 529 2624 -
553 2585 584 2635 In
604 2603 714 2656 maxumo
798 2585 1267 2656 4.Mugt'.tcalliditatelugurtlioe.Ma·

206 2678 276 2718 metu.
287 2665 342 2718 Ubi
354 2663 468 2718 maxime
486 2661 622 2714 metuendi
637 2663 713 2714 locus
756 2669 796 2734 gis
807 2685 873 2736 pro,
885 2664 930 2716 sed
939 2670 1024 2736 magis.
1036 2663 1125 2718 Nostri
1139 2681 1267 2737 quatuor,

206 2757 245 2797 eet
253 2763 260 2797 ε
268 2745 296 2796 in
305 2743 421 2796 maximo
432 2741 558 2814 periculo.
568 2742 714 2793 —Nudum
757 2763 787 2795 ue
798 2747 875 2814 magis
881 2765 891 2806 ;
900 2764 984 2810 unus,
995 2757 1022 2796 at
1032 2749 1116 2815 magis.
1129 2745 1182 2798 Sed
1195 2761 1266 2801 recte

205 2837 230 2875 et
242 2843 329 2876 coeeum
340 2841 433 2892 corpus.
445 2822 510 2873 Eam
527 2821 646 2892 eorporis
656 2839 715 2891 par·
757 2823 877 2876 observat
891 2823 998 2877 Cottius
1006 2863 1014 2889 ‚
1022 2825 1101 2878 etiam
1117 2826 1180 2878 alibi
1191 2826 1266 2880 nudo

171 2930 173 2938 s
204 2915 272 2969 tem,
286 2921 345 2974 quaa
357 2903 451 2974 clypeo
463 2919 518 2952 non
537 2900 635 2970 tegitur
647 2895 657 2963 (
667 2919 712 2952 nu·
758 2899 884 2955 adverbio
895 2908 971 2974 magis
980 2905 1019 2956 uti
1029 2905 1190 2959 Sallustium.
1201 2907 1264 2978 Sup.

205 2979 286 3046 ᾰιιοι),
296 2982 432 3035 nechabet
440 2981 530 3034 oculos
537 2978 714 3033 adevitandos
757 2983 887 3035 LXXXV
904 3001 910 3034 :
930 3009 940 3030 ι
957 2983 1051 3056 Neque
1064 2985 1204 3056 quisquam
1220 3006 1265 3059 pa·

205 3061 322 3115 hostium
342 3061 410 3114 ictus
424 3056 553 3123 (caecum).
569 3060 607 3112 Ea
626 3055 714 3113 autein
758 3081 820 3114 rens
833 3062 923 3114 liberis
937 3064 1003 3130 suis,
1015 3077 1045 3117 ut
1055 3067 1144 3117 aeterui
1160 3067 1267 3131 forent,

206 3159 267 3213 pars
288 3153 392 3212 tergum
408 3153 454 3193 est.
469 3138 568 3192 Eadem
587 3141 641 3193 lere
658 3139 715 3192 aliis
758 3143 872 3212 optavit3
889 3147 966 3212 mugit
981 3145 1089 3197 utboni
1107 3145 1266 3219 honestique

205 3220 393 3287 verbis‚Catil.
401 3221 508 3272 LVIII:
521 3221 604 3272 ιΝιιιιι
616 3221 642 3272 in
654 3221 714 3292 luga
757 3223 838 3274 vitam
857 3223 998 3294 exigeient.
1015 3251 1025 3270 ι
1048 3225 1081 3277 Et
1097 3243 1127 3276 ex
1143 3225 1195 3279 boc
1211 3245 1266 3280 uno

205 3301 315 3353 salutem
332 3318 454 3372 sperare,
471 3318 554 3371 quum
570 3319 642 3352 arma
656 3300 714 3371 quia
755 3301 855 3354 'factum
879 3314 932 3367 est,
952 3314 982 3355 ut
1002 3308 1078 3374 mngae's
1094 3305 1216 3360 transiret
1236 3307 1265 3359 in

206 3380 432 3452 corpus‘tegitur,
452 3379 486 3432 ah
508 3379 629 3433 hostibus
644 3397 715 3432 ever·
756 3382 879 3452 gallicum
895 3401 972 3448 nats,
987 3402 1064 3436 sensu
1080 3403 1135 3436 nou
1147 3399 1265 3451 mutato,

206 3461 285 3526 teris,
297 3479 328 3512 ea
341 3479 406 3512 vero
421 3457 554 3515 dementia
569 3474 615 3513 est.
631 3487 641 3506 ι
662 3457 714 3513 Sed
758 3462 843 3514 forma
861 3462 999 3514 levissime.
1022 3463 1128 3516 -Cui
1145 3465 1264 3518 uidelicet.

205 3540 317 3594 similius
326 3540 405 3592 etiam
417 3539 540 3610 Xenoph.
552 3541 651 3611 Cyrop.
664 3557 713 3605 111,
758 3541 865 3594 Cottius
879 3560 925 3594 sua
939 3543 1093 3596 auctoritate
1109 3541 1180 3596 delet
1196 3545 1265 3597 uide·

208 3621 244 3674 3:
265 3646 276 3667 ι
289 3621 377 3690 Μοιρὸν
391 3618 437 3690 γὰρ
452 3621 494 3676 τὸ,
515 3623 611 3688 ιιροιτιῖν
632 3621 714 3684 teuto·
757 3621 825 3682 licet,
847 3619 919 3692 quod
939 3623 1024 3673 estin
1044 3623 1168 3676 omnibus
1190 3623 1265 3677 MSS.

204 3699 304 3770 pluent,
318 3697 351 3751 τὰ
365 3683 470 3750 Tronl
484 3703 526 3750 τοῦ
541 3697 656 3767 σώματος
672 3697 713 3752 καὶ
757 3731 797 3742 -
815 3701 930 3754 Habent.
951 3700 1056 3754 Scilicet
1072 3701 1212 3772 Iugurtha.
1226 3734 1267 3746 --

204 3770 335 3837 ᾸΟΠΔΑ,
348 3777 390 3831 καὶ
406 3779 509 3847 ἄχειρα,
520 3784 602 3830 ταῦτα
616 3779 714 3830 ἐναντίοι
757 3779 800 3831 Ec
813 3793 884 3848 patre
899 3800 949 3833 suc.
964 3781 1078 3834 Boccho.

204 3859 304 3911 τάττιιν
314 3860 364 3919 τοῖς
371 3857 493 3928 πολεμίοις
504 3857 644 3927 φεύγοντος.
654 3863 713 3908 Μω·
800 3860 824 3911 5.
837 3860 871 3910 Ut
879 3863 904 3910 ι’νι
911 3861 956 3911 tuli
961 3865 1064 3930 negotiu.
1072 3861 1140 3926 Quia
1149 3863 1200 3914 tale
1209 3873 1265 3914 erat

203 3939 242 4008 ρος
252 3933 281 3990 dl
291 3937 350 4002 καὶ,
366 3938 433 3996 elne
448 3939 487 4005 ζῇν
504 3937 645 4004 βουλόμενος
661 3939 714 4006 ριὺ-
758 3939 1083 4010 negotium‚utconsilium
1090 3939 1266 4012 illud,quam·

204 4036 253 4086 γιιν
267 4018 405 4089 ἐπιχειροίη·
417 4013 488 4076 etttu
501 4017 538 4068 ὅτι
550 4017 570 4069 οἱ
578 4017 621 4086 μὲν
633 4023 714 4068 νικῶν·
757 4018 798 4070 vis
813 4016 1028 4084 audacissimum,
1045 4021 1206 4074 tutissimum
1226 4027 1264 4072 t'a·
