2950 4646
492 457 919 541 conruusrrorus.
1030 488 1035 496 ·
1163 507 1236 584 129

350 578 530 649 lntroducti
545 586 580 650 in
596 590 718 656 curiam
734 569 909 684 conjurati,
925 606 1137 691 praesentibus
1153 615 1236 706 lega·

391 684 449 761 tis,
466 687 716 782 interrogantur.

348 803 473 886 Quarto
488 819 800 899 senatus-consulto,
818 824 993 894 traduntur
1007 832 1042 896 in
1054 839 1234 907 custodiam

388 916 563 1002 conjurati,
574 922 901 1018 supplicationesque,
914 936 1078 1008 Ciceronis
1090 948 1234 1034 nomine,

388 1016 620 1093 decernuntur.

184 1329 309 1478 ,35:⁵13
341 1372 478 1440 Decreta
497 1380 728 1460 conjurationis
745 1387 909 1460 indicibus
925 1400 1064 1484 praemia.

190 1489 293 1584 Νω-δοῇ
343 1489 466 1573 Quarta
495 1495 658 1564 Ciceronis
682 1502 835 1571 adversus
864 1511 1033 1580 Catilinam
1060 1521 1179 1602 oratio,
1197 1502 1238 1590 iu

384 1597 453 1664 aede
472 1601 679 1690 Concordiae,
698 1608 738 1674 ad
756 1631 915 1683 senatum.
935 1620 1070 1690 Senatus
1089 1624 1130 1692 de
1152 1653 1232 1694 con·

379 1703 494 1784 juratis
516 1713 711 1799 supplicium
729 1719 815 1782 sumi
835 1720 946 1808 jubet,
965 1730 1232 1825 amplissimisque

383 1807 562 1878 honoribus
582 1817 771 1886 Ciceronem
787 1822 927 1892 decorat.

338 1921 473 2012 Equites
491 1933 617 1995 romani
637 1936 753 2000 Caesari
771 1929 878 2028 gladio
889 1945 1092 2017 minitantur.
1101 1953 1229 2044 Suppli·

382 2031 469 2096 cium
487 2038 629 2102 sumitur
646 2039 687 2104 de
706 2041 844 2109 Lentulo
862 2063 895 2110 et
913 2053 1037 2118 ceteris.

162 2151 315 2250 mffln-
337 2147 413 2213 Dies
426 2149 478 2215 ille
490 2151 530 2216 ad
542 2153 657 2219 urbem
672 2157 814 2222 caedibus
833 2177 866 2224 et
878 2163 1030 2232 incendio
1041 2175 1227 2245 vastandam

174 2209 207 2264 (¹⁷
287 2208 302 2265 ⁸)
381 2255 556 2323 atentrrlo
573 2258 752 2326 destinamus
769 2265 885 2331 fluerat.

161 2365 313 2422 turmatim

168 2419 205 2474 (ᾖ
213 2421 304 2479 Η.)
337 2367 450 2435 Cicero
461 2373 683 2463 magistratum
694 2375 846 2466 deponit,
854 2381 1007 2473 juratque
1023 2389 1227 2462 verissimum

378 2476 699 2570 pulcherrimumque
720 2484 948 2566 jusjurandum
968 2497 1226 2584 :rempublicam

378 2595 475 2670 atque
482 2581 739 2652 urbemllomam
748 2611 805 2656 sua
812 2593 910 2659 unius
917 2615 1014 2683 opera
1021 2606 1225 2676 essesalvam.

642 2724 718 2812 692.

180 2863 292 2972 ⁰3¹3
333 2858 372 2923 D.
392 2861 506 2927 Junrus
524 2863 671 2933 Sturnos.
690 2865 1059 2976 L.L1c1n1nsMunens.

333 2999 461 3084 Cicero,
473 3003 508 3066 in
527 2983 657 3088 senatu,
670 3006 841 3074 tribunum
859 3009 1026 3082 Metellum
1044 3019 1219 3111 Nepotem,

374 3107 557 3172 vehementi
576 3111 739 3196 oratione,
758 3115 944 3184 insectatur.

163 3249 302 3308 mmm.
330 3227 478 3295 Metellus
491 3231 599 3322 Nepos
611 3233 762 3300 adversus
779 3237 968 3306 Ciceronem
981 3266 998 3308 e
1009 3250 1120 3314 rostris
1139 3273 1218 3316 con·

373 3353 531 3403 crouatur.

173 3447 278 3559 {3325
329 3456 479 3523 Proelium
497 3461 701 3527 Pistoriense.
722 3461 811 3526 Mors
831 3463 986 3532 Catllinre.

328 3579 452 3644 Attritae
470 3582 504 3644 in
519 3579 621 3646 Gallia
639 3583 814 3672 Cisalpina,
826 3609 844 3649 a
856 3585 986 3652 Metello
1005 3591 1129 3678 Celere,
1142 3597 1216 3662 reli·

372 3687 455 3774 quite
472 3687 724 3768 conjuratorum.

326 3805 475 3876 Metellus
491 3812 600 3900 Nepos
625 3805 816 3901 Pompeium
835 3837 910 3881 cum
929 3821 1070 3885 exercitu
1088 3845 1127 3889 ex
1143 3826 1216 3893 Asia

370 3915 507 3980 Romam
525 3915 680 3982 advocare
697 3917 776 3984 vult.
796 3918 844 3984 Er
861 3921 943 3986 urbe
961 3925 1053 4014 fugit.

328 4035 517 4101 Ciceronem
534 4017 619 4102 inter
630 4053 663 4102 et
673 4039 840 4106 Metellum
852 4043 995 4108 Celerem
1005 4045 1150 4144 jurgium
1163 4053 1212 4118 in·

370 4135 512 4201 tercedit.

1018 4311 1043 4390 9
