2950 4646
571 335 876 457 sircurana.¹
1168 391 1236 464 181
1320 339 1328 347 ⁸

175 534 211 590 et
231 516 364 588 illorum
389 515 677 614 pollicitationibus
704 546 886 610 accensus,
914 545 997 615 quos
1024 521 1136 616 paullo
1165 540 1243 594 ante

175 626 370 696 muneribus
389 625 591 721 expleverat,
605 631 638 696 in
660 654 799 723 regnum
818 629 1013 698 Adherbalis
1034 632 1179 700 animum
1199 635 1244 702 in·

177 733 293 801 tendit.
308 736 384 828 Ipse
401 717 491 822 acer,
506 733 679 804 bellicosus
696 761 702 803 :
720 751 754 804 at
768 737 809 820 is,
824 761 920 830 quem
938 737 1086 830 petebat,
1100 740 1244 832 quietus,

151 919 154 934 Ι
176 839 336 927 imbellis,
356 839 486 935 placido
509 843 660 936 ingeni0,
682 858 890 936 opportunus
915 842 1069 937 injuriae²,
1095 861 1244 916 metuens

177 948 283 1040 magis
311 971 410 1042 quam
438 947 644 1017 metuendus.
673 951 780 1042 Igitur
798 975 837 1018 ex
860 952 1040 1044 improviso
1068 950 1150 1021 fines
1176 952 1246 1044 ejus

178 1077 255 1120 eum
277 1079 398 1148 magna
415 1079 516 1123 manu
534 1054 660 1124 invadit
682 1081 688 1122 :
711 1055 832 1125 multos
854 1057 1009 1126 mortales
1030 1082 1105 1126 cum
1127 1084 1247 1152 pecore
1325 1143 1328 1150 ⁴

178 1173 277 1253 atque
299 1159 362 1228 alia
383 1161 493 1256 praeda
518 1163 623 1256 capit,
644 1161 782 1232 aedificia
803 1162 969 1251 incendit,
995 1163 1151 1284 pleraque
1173 1164 1247 1234 loca

175 1263 339 1336 hostiliter
361 1292 438 1338 cnm
460 1270 608 1364 equitatu
630 1268 776 1339 accedit:
791 1270 866 1340 dein
887 1295 963 1338 cum
986 1273 1077 1338 omni
1099 1270 1246 1340 multitu-

177 1370 308 1440 dinem
331 1399 471 1470 regnum
494 1401 590 1445 suum
613 1379 794 1465 convertit3
817 1377 1016 1453 existumans
1037 1375 1150 1447 dolore
1171 1403 1245 1472 per·

177 1494 305 1548 motum
328 1481 584 1552 Adherbalem
576 1483 711 1577 injurias
737 1469 830 1554 suas³
855 1509 956 1552 manu
981 1485 1247 1570 vindicaturum,

177 1609 316 1681 eamque
345 1613 416 1658 rem
438 1588 515 1659 belli
546 1615 695 1660 caussam
719 1590 799 1660 fore.
819 1591 864 1660 At
885 1589 956 1680 ille,
974 1592 1064 1687 quod
1085 1605 1192 1686 neque
1213 1617 1248 1662 se

176 1717 296 1785 parem·
308 1697 408 1764 amnis
422 1697 656 1788 existumabat,
666 1713 699 1766 et
712 1699 854 1768 amicitia
870 1699 985 1793 populi
1000 1701 1128 1770 romani
1142 1701 1247 1794 magis

178 1823 276 1892 quam
298 1802 452 1872 Numidis
467 1803 570 1873 fretus
591 1819 679 1892 erat,
695 1803 818 1899 legatos
833 1805 874 1872 ad
890 1806 1089 1900 Iugurtham
1108 1806 1149 1874 de
1168 1807 1249 1900 inju-

178 1907 233 1974 riis
250 1921 404 2001 questum
423 1911 510 1978 misit
527 1913 606 2004 :qui
624 1913 755 1980 tametsi
768 1911 1005 1980 contumeliosa
1024 1912 1112 1980 dicta
1127 1911 1247 1982 retule-

178 2027 267 2101 rant,
279 2017 370 2134 prius
386 2029 497 2084 tamen
510 2019 620 2085 omnia
632 2019 701 2111 pati
713 2016 876 2103 decrevit,
890 2041 988 2111 quam
1005 2017 1127 2084 bellum
1143 2044 1248 2087 sume-

177 2144 314 2214 re,quia
322 2136 486 2192 tentatum
501 2137 597 2192 antea
609 2147 703 2192 secus
718 2137 868 2191 cesserat.
880 2125 999 2242 Neque
1013 2138 1122 2191 tamen
1134 2149 1174 2192 eo
1183 2149 1249 2194 ma

179 2227 226 2320 gis
241 2229 364 2324 cupido
380 2230 554 2326 Jugurthac
576 2228 812 2298 minuebatur:
830 2230 954 2322 quippe
975 2231 1031 2322 qui
1049 2243 1155 2296 totum
1177 2231 1247 2323 ejus

178 2356 316 2428 regnum
333 2337 444 2404 animo
459 2339 527 2432 jam
542 2322 732 2405 invaseratl.
754 2338 870 2430 Itaque
887 2360 972 2422 non,
988 2350 1025 2403 ut
1042 2350 1154 2423 antea,
1169 2362 1246 2406 cum

178 2441 373 2532 praedatoria
395 2467 514 2530 manu,
529 2443 585 2512 sed
603 2467 724 2537 magno
745 2444 890 2510 exercitu
910 2457 1101 2536 comparato
1122 2441 1246 2512 bellum

180 2569 292 2640 gerere
312 2551 427 2644 coepit,
443 2565 476 2618 et
492 2565 604 2644 aperte
620 2551 720 2618 totius
735 2549 924 2618 Numidiae
916 2551 1088 2643 imperium
1108 2565 1245 2644 petere:

180 2669 323 2784 cetserum
331 2681 419 2776 ,qua
438 2658 612 2752 pergebat,
625 2658 723 2726 urbes
729 2680 899 2751 ,agros
867 2670 1012 2743 vastare,
1027 2657 1155 2750 praedas
1170 2682 1244 2753 age·

180 2747 256 2828 re⁵·
247 2765 341 2847 ,suis
356 2765 525 2853 animum,
544 2779 704 2834 terrorem
723 2763 873 2832 hostibus
895 2788 1025 2858 augere.

220 2974 244 3006 a.
256 2954 434 3026 Opporatnus'
425 2959 527 3028 injuriae.
536 2957 605 3009 Male
618 2969 690 3010 tutus
775 2965 802 3021 4.
815 2957 931 3009 Animo
914 2977 969 3028 Jom
983 2961 1108 3011 invaserat.
1118 2957 1245 3012 Nondum

180 3031 301 3088 adversus
311 3037 437 3107 injuriam
448 3075 456 3102 ,
468 3049 494 3088 et
507 3038 581 3108 quasi
593 3037 625 3089 ad
635 3057 691 3090 om·
734 3037 813 3090 armis
825 3050 852 3089 et
866 3039 957 3091 castris
970 3040 1074 3091 tenebat
1089 3037 1245 3091 Adherbalis

180 3131 224 3166 nes
238 3113 305 3168 ictus
324 3130 425 3187 patens.
442 3116 531 3169 Senes.
553 3115 586 3169 de
606 3117 688 3170 Clem.
732 3136 860 3188 regnum,
873 3117 919 3170 sed
935 3119 1023 3170 animo
1036 3123 1087 3188 jam
1105 3119 1243 3172 invaserat.
1321 3115 1322 3119 ¹

179 3209 204 3256 1,
216 3195 247 3246 8:
260 3221 271 3242 ι
288 3194 381 3268 Adjice
392 3216 478 3263 nunc,
489 3195 561 3267 quod
574 3198 691 3268 privatos
732 3196 861 3250 Nondum
869 3217 974 3263 manus,
983 3198 1028 3250 sed
1040 3200 1142 3250 animus
1152 3197 1245 3254 avidus

179 3270 297 3328 homines
321 3274 354 3328 ad
383 3275 548 3348 accipiendas
580 3277 689 3348 injurias
732 3290 758 3330 et
768 3296 848 3348 rapax
859 3278 966 3329 fratrem
981 3278 1144 3348 spoliaverat.

179 3359 353 3424 opportuniores
373 3369 539 3428 acceptarum
562 3357 689 3426 patientia
774 3357 800 3409 5.
812 3357 915 3408 Proedos
927 3376 1006 3426 ogero.
1019 3357 1076 3408 Hoc
1090 3358 1198 3426 proprie
1209 3355 1243 3410 de

179 3431 239 3486 facit
247 3453 254 3487 :
262 3437 368 3506 regibus
375 3437 472 3490 certior
479 3450 518 3490 est
527 3455 559 3489 ex
567 3456 688 3490 mansue·
730 3437 776 3490 illa
785 3434 874 3507 praeda
884 3435 995 3499 dicitur,
1005 3453 1064 3506 quro
1072 3448 1159 3506 potest
1168 3441 1211 3506 ogi
1217 3449 1244 3488 et

179 3511 268 3567 tudine
283 3516 416 3570 securitas.
432 3543 443 3564 ι
732 3517 849 3578 incedere,
863 3529 893 3568 ut
904 3527 965 3568 sunt
976 3533 1086 3586 pecora,
1099 3516 1243 3586 mancipia,

211 3593 687 3668 3.Iajuriossuas.Injuriassibiillatas.
730 3597 836 3668 captivi.
847 3598 886 3648 De
899 3597 998 3667 reliqua
1010 3593 1186 3662 dicuntserre,·
1197 3615 1245 3650 un·

180 3703 216 3714 -
224 3675 288 3729 Eam
299 3697 346 3728 rem
352 3675 414 3728 belli
428 3697 535 3730 caussam
543 3679 608 3744 fora¹
623 3677 688 3748 Spe·
731 3675 765 3728 de
778 3678 872 3729 usitata
885 3677 943 3741 illa,
952 3697 1023 3748 agere
1034 3689 1058 3728 et
1067 3679 1133 3745 ferre
1146 3678 1243 3730 lwstr'lia

177 3753 250 3805 rabat
265 3756 365 3808 scilicet
377 3776 391 3808 a
403 3776 429 3809 se
440 3757 515 3828 prius
533 3775 687 3828 oppressum
731 3751 841 3818 (Graecis
849 3757 915 3828 ἄγιιν
926 3758 966 3810 καὶ
977 3754 1073 3829 φέρειν).
1083 3757 1135 3810 Inl.
1144 3759 1241 3811 XLIV:

180 3829 395 3888 iriAdherbalem
401 3855 498 3908 ‚quam
507 3838 687 3890 Romanorum
731 3838 860 3889 Pecouset
868 3857 1034 3908 mancipiorum
1042 3837 1140 3908 prodas
1148 3849 1241 3888 certon

179 3928 252 3982 opem
263 3915 405 3988 implorare
415 3929 521 3988 posset
533 3930 687 3970 ceterumse
732 3929 853 3987 tesagm.
865 3918 922 3971 Liv.
935 3937 1006 3980 xxiv,
1020 3935 1092 3968 so:-
1082 3916 1241 3970 ·Caudinus
1265 3915 1272 3924 ¹

179 3989 360 4063 impunitatem
379 3997 443 4050 novi
461 4015 567 4070 quoque
584 3998 688 4054 sceleris
730 3996 1129 4066 Samnisgraviusdevastatusp.
1133 3995 1243 4066 ‚praedat

176 4075 259 4149 pretio
270 4089 432 4148 empturum.
729 4075 864 4147 pecudum
876 4078 1067 4146 hominumque
1081 4088 1177 4183 ιο3ιω.

1054 4142 1118 4230 123
