2916 4630
532 351 809 423 CATILINA.
1162 351 1204 424 31

144 489 179 558 C.
193 470 334 582 Figulo³
349 482 557 574 consulibus,
573 485 682 581 primo
698 471 864 580 singulos⁴
880 483 1066 581 appellum
1085 486 1213 556 hortari

144 593 240 681 alios,
254 592 337 663 alios
356 577 520 680 tentare⁵3
538 617 618 688 opes
636 617 729 680 suas,
741 592 939 688 imparatam
957 589 1213 688 rempublicam,

143 725 260 796 magna
281 701 420 796 praemia
441 699 678 794 conjurationis
700 697 830 769 docere.
850 699 917 769 Ubi
941 700 1019 770 satis
1042 697 1213 793 explorata

142 821 218 876 suut
230 833 303 902 quar
314 804 437 895 voluit,
448 807 483 874 in
497 831 602 875 unum
612 807 719 876 omnis
734 819 912 896 convocat,
922 805 1042 902 quibus
1056 829 1213 875 maxuma

142 897 370 983 necessitudo⁶
384 927 418 983 et
432 911 613 1008 plurimum
635 911 781 983 audacim
800 913 915 982 inerat.
933 915 985 982 Eo
1005 913 1211 982 convenere⁷

143 1021 298 1090 senatorii
312 1018 437 1089 ordinis
451 1022 487 1088 P.
502 1019 665 1089 Lentulus
678 1021 760 1090 Sura
769 1005 793 1108 ⁸,
806 1021 841 1088 P.
856 1021 1038 1090 Autronius
1044 1017 1069 1108 ⁹,
1081 1021 1119 1089 L.
1132 1023 1211 1090 Cas·

142 1127 211 1196 sius
237 1127 406 1221 longinus
424 1123 460 1215 ¹⁰,
486 1127 525 1196 C.
549 1126 720 1220 Cethegus
735 1123 772 1214 ¹¹,
789 1127 825 1195 P.
853 1140 887 1194 et
914 1127 1047 1196 Servius
1077 1124 1175 1195 Sulla
1188 1123 1212 1152 ¹²

141 1233 248 1303 Servii
272 1231 346 1321 filii,
370 1235 409 1303 L.
430 1233 656 1328 Vargunteius
672 1218 714 1320 ¹³,
734 1231 777 1322 Q
802 1233 931 1301 Annius
947 1219 983 1320 ¹⁴,
1003 1234 1051 1300 M.
1074 1233 1212 1302 Porcius

179 1420 207 1474 ³.
217 1418 249 1474 C.
259 1419 361 1490 Figulo.
369 1419 400 1473 C.
409 1419 526 1472 Marcius
534 1418 651 1490 Figulus,
696 1431 744 1472 est.
758 1419 826 1471 Item
835 1416 869 1471 de
881 1417 985 1477 Cassio,
997 1416 1212 1488 Lucu‚Vurgun·

140 1513 279 1572 tanqam
305 1499 335 1552 in
359 1499 524 1552 Marciorum
546 1510 651 1571 gentem
695 1499 763 1564 teia,
777 1497 869 1551 Servio
881 1497 970 1565 Sulla,
984 1511 1011 1551 et
1024 1499 1055 1552 C.
1073 1496 1209 1552 Cornelio.

140 1578 651 1653 adoptatuaeseet,1i1iuucim'l’hermus
695 1575 760 1631 Vid.
782 1579 891 1631 nera.
909 1579 950 1631 De
971 1579 1083 1640 Brosses,
1099 1575 1168 1631 Suite
1181 1575 1212 1628 dc

139 1659 289 1714 nominatus
301 1671 351 1714 eet.
369 1658 530 1713 conferatur
543 1659 599 1713 Cic.
616 1657 650 1713 de
695 1657 814 1710 t'ttsiotre
838 1658 868 1710 de
892 1659 918 1710 iu
944 1661 1111 1729 conjurationi,
1131 1675 1211 1712 xxxv.

140 1741 265 1812 legibus,
276 1758 318 1806 ιι,
329 1739 379 1805 ιὸς
392 1737 426 1792 ed
434 1740 527 1806 Atta,
539 1739 649 1793 aliun,
694 1737 763 1791 Item
779 1736 837 1792 Ciu.
854 1755 905 1809 pro
918 1737 951 1800 P.
966 1737 1051 1812 Sylla,
1068 1755 1100 1791 ιι.

177 1827 204 1884 4.
217 1819 342 1891 Singulos.
354 1818 470 1873 seorsim
483 1817 580 1872 tettae
594 1820 651 1891 pri·
738 1835 784 1872 ro.
804 1819 835 1873 1..
862 1818 961 1872 Cauno
982 1819 1115 1890 Longinus.
1140 1817 1212 1884 Qui,

139 1899 461 1973 vatimopponiturcnim
467 1899 650 1971 sequentibus:
695 1897 825 1952 Cicerone
839 1909 921 1964 teste,
937 1897 1154 1970 procurationem
1169 1897 1210 1950 in·

143 1981 251 2033 somnis
263 1981 293 2032 in
304 1999 389 2034 rmum
401 1991 538 2034 convocet.
550 2005 562 2026 ι
572 1979 649 2034 Kun.
694 1976 839 2031 ceadendu
854 1978 930 2031 urbis
945 1978 997 2031 eibi
1015 1977 1210 2050 postulaveram

179 2061 207 2113 ὅ.
227 2060 338 2113 Tentare.
349 2059 474 2132 Experiri
486 2071 578 2113 utrum
590 2077 653 2113 oon·
693 2057 777 2111 homo
788 2075 901 2130 corpore
910 2056 1018 2128 pingui,
1031 2055 1097 2110 adeo
1108 2069 1138 2108 ut
1150 2056 1210 2110 Ces·

138 2139 264 2193 otiorum
288 2139 488 2210 facinorumque
511 2138 575 2193 socii
596 2157 651 2194 ense
693 2140 726 2190 sii
740 2137 814 2209 adeps
827 2137 856 2190 iu
871 2137 1045 2208 proverbium
1057 2137 1209 2189 intestati.

137 2219 255 2282 veilent,
269 2237 318 2273 neo
334 2237 376 2274 ne.
393 2217 558 2285 Siccium,
571 2237 607 2273 ιιι
622 2219 651 2272 in
737 2235 777 2270 ιι.
788 2216 819 2270 C.
829 2215 956 2287 Cethegum
967 2216 1030 2270 Etis
1039 2228 1211 2288 quoqueerut

139 2296 215 2354 Catil.
234 2319 251 2370 7
264 2317 273 2352 τ
290 2325 302 2348 ι
314 2299 412 2353 Omnia
427 2311 519 2364 uorat,
530 2299 650 2353 omnium
693 2315 710 2350 e
720 2309 799 2370 geute
811 2295 943 2351 Cornelia.
954 2297 987 2348 In
996 2295 1074 2349 bellis
1087 2293 1210 2348 civilibus

140 2377 224 2434 aditus
236 2380 360 2447 tenebat3
372 2379 521 2452 appellare,
532 2390 650 2446 tentem,
693 2377 782 2450 primo
789 2377 918 2444 Marium,
926 2373 1024 2429 deinde
1031 2374 1129 2446 Syllam
1137 2413 1144 2438 ,
1152 2391 1210 2427 rur

140 2459 279 2514 sollicitare
286 2473 408 2533 potera,
418 2457 540 2514 audebat.
553 2459 650 2512 nlius.
693 2477 738 2511 rus
747 2456 894 2530 Lepidum,
903 2475 1034 2529 nusquam
1045 2454 1132 2508 subiti
1139 2452 1210 2519 tide,

177 2543 205 2594 6.
215 2539 383 2594 Necessitudo.
394 2539 446 2593 Per
459 2539 651 2592 neceenmdinem
694 2551 821 2610 sequutus
835 2537 928 2591 inierat.
941 2531 998 2600 (Ex
1007 2535 1078 2589 notis
1092 2535 1151 2607 gall.
1170 2534 1210 2587 De

141 2616 181 2672 tic
194 2619 313 2694 intellige
324 2617 458 2692 inopiam,
470 2637 505 2673 ns
519 2619 650 2686 alienum,
693 2618 804 2681 Brontes,
815 2619 882 2671 Hice.
891 2617 954 2671 dele
963 2621 1011 2689 rep.
1021 2615 1105 2668 ronnl.
1114 2633 1140 2680 r,
1151 2611 1209 2681 40.)

142 2699 177 2751 rei
191 2699 329 2754 familiaris
343 2700 484 2772 agnitius.
737 2715 780 2752 re.
796 2699 829 2752 P.
846 2709 871 2750 et
889 2697 987 2752 Seruius
1000 2695 1086 2750 Sallu.
1101 2694 1212 2748 Pubiius

178 2797 205 2850 7.
218 2781 261 2833 Eo
276 2778 596 2834 annuntiantium
611 2790 651 2832 est
694 2777 836 2832 Cornelius
846 2777 936 2850 sylla,
946 2789 973 2831 et
983 2775 1091 2831 Servius
1100 2775 1208 2828 Corncl.

142 2875 193 2912 xm
203 2860 259 2913 iere
266 2861 564 2931 meusibtrs‚untequam
574 2875 652 2912 eene·
694 2857 781 2929 Sylla,
791 2858 841 2912 filii
855 2855 940 2911 Servii
955 2857 1037 2912 Corn.
1054 2854 1148 2928 syllae,
1162 2855 1209 2927 qui

142 2950 180 2992 tue
188 2940 268 2994 cauit.
278 2939 382 2994 hostem
390 2937 524 3012 judicarit.
535 2938 586 2992 Per
595 2951 652 2992 tan-
693 2951 750 2992 crat
762 2939 844 2992 frater
854 2937 1007 3001 dictumue,
1017 2949 1047 2990 ut
1056 2935 1148 2989 scribit
1159 2935 1214 2987 Dio

144 3029 194 3072 tun
212 3020 341 3093 temporie
361 3021 472 3092 impune
495 3021 652 3089 conjurare·
692 3018 712 3072 I.
722 3013 1212 3086 xxm.Exhis,Publius'conju1-utio·

143 3101 214 3154 runt!
693 3097 735 3151 uie
743 3099 875 3170 particeps
886 3102 942 3151 riou
954 3093 1160 3150 fuissevidetor.
1170 3093 1210 3146 Eo
1315 3111 1319 3119 ·

178 3179 205 3232 8.
218 3181 250 3234 P.
264 3179 382 3233 manus
391 3178 466 3233 Sura.
480 3178 507 3232 Ic
516 3196 531 3233 c
540 3179 651 3250 patricia
693 3178 766 3230 euim
776 3177 1049 3238 nominenumine,
1059 3193 1115 3228 uon
1124 3175 1210 3227 multo

141 3271 214 3328 gente
226 3259 354 3314 Cornelio
364 3271 454 3326 ortus,
468 3275 484 3311 u
496 3259 651 3312 censoribus
693 3271 756 3328 poet
769 3257 906 3312 Ciceronis
916 3256 1082 3309 consulatum
1092 3291 1100 3320 ‚
1109 3255 1142 3306 nb
1152 3254 1211 3324 ipso

140 3341 233 3408 q'cotue
248 3351 359 3406 renutu,
372 3351 512 3412 postquam
529 3339 649 3393 coneda·
694 3337 825 3391 Ciceroue
837 3335 960 3390 defensus
973 3347 1001 3386 et
1014 3335 1141 3387 liberatus
1150 3332 1210 3386 suit.

139 3429 194 3472 tum
206 3420 339 3492 punisset,
352 3432 443 3490 postca
459 3430 561 3484 tumen,
575 3429 606 3472 ut
621 3419 650 3472 in
695 3415 855 3470 Conferamr
865 3414 941 3468 Oret.
954 3413 1010 3469 Cic.
1024 3430 1074 3485 pro
1087 3413 1118 3466 P.
1130 3411 1210 3483 Sylla.

140 3495 290 3570 diguitneur
299 3499 650 3570 restimeretur‚prnturum
738 3496 781 3564 13.
795 3497 826 3550 L.
839 3495 1014 3564 Vargunteius.
1027 3491 1097 3559 Qui,
1106 3509 1168 3544 curu
1178 3491 1210 3545 C.

137 3577 652 3652 petivitudeptusqueest.Prutorigitur
697 3575 823 3630 Cornelio
838 3575 946 3648 equite,
963 3574 1136 3628 constituerat
1149 3589 1213 3624 cum

137 3671 206 3722 erat,
222 3679 306 3732 quum
320 3659 467 3732 perniciem
482 3657 574 3731 patriae
590 3677 652 3711 coru
697 3651 1160 3710 armatishominibuseelututumire
1169 3651 1213 3705 Ci-

136 3737 653 3810 Catiliuemolieb'atur.Deejusinteritu
697 3748 935 3804 cerouem‚eteum
945 3735 974 3789 in
982 3735 1052 3788 lecto
1061 3752 1110 3787 suo
1119 3731 1215 3786 conio·

134 3817 195 3873 ride
208 3839 267 3893 cap.
282 3820 342 3875 LV.
698 3813 776 3884 dere,
784 3829 815 3870 ut
825 3824 950 3871 uerrutm·
958 3814 1037 3869 initio
1047 3831 1072 3867 c.
1080 3813 1212 3866 XXVIII.

174 3919 203 3970 9.
211 3900 246 3952 P.
254 3901 402 3954 Autmniru.
409 3899 547 3954 Ciceronis
554 3897 582 3951 iu
589 3915 655 3970 pue·
699 3895 786 3951 Puuca
793 3893 991 3968 deverguuteia
1002 3904 1080 3966 geute
1088 3890 1159 3964 opud
1170 3892 1213 3946 hi-

132 3977 656 4054 ritiacoudis'cipulue,inqnnsturacol·
700 3973 1213 4048 storicoeleguuturJIicjamunteuum-

133 4058 200 4132 lega.
219 4061 313 4114 Primo
331 4073 395 4134 poet
414 4061 545 4132 conjurat.
566 4075 656 4124 anno,
700 4057 771 4110 bitus
778 4067 913 4110 accusatus
923 4051 1214 4120 firmauetabiiorten·

130 4139 168 4192 U.
185 4141 218 4195 C.
233 4144 309 4210 692,
322 4142 376 4214 Iege
391 4139 508 4198 Plautia.
524 4137 555 4190 de
566 4140 595 4189 ni
609 4157 657 4207 pu-
702 4131 1213 4206 siodefensum(CicercproSylla‚rr.)

130 4219 207 4284 bine,
230 4237 384 4290 emutatus,
402 4220 431 4273 in
455 4217 564 4274 exilium
585 4228 658 4272 actus
748 4223 791 4281 14.
809 4218 842 4287 Q.
861 4219 966 4271 Annius.
985 4213 1117 4270 Eundem
1136 4213 1216 4268 [uiue
