2950 4646
254 307 324 389 rin
608 305 947 375 ARGUMENTA.

248 435 318 499 XC.
346 435 451 525 Igitur
473 451 616 498 extrema
642 451 769 518 testate,
788 437 963 518 omnibus,
987 453 1146 524 quantum
1169 439 1308 526 licebat,

358 540 509 629 prorIsis,
526 539 684 604 Manlium
696 540 736 605 ad
750 541 907 632 oppidum
923 542 1010 607 Laris
1025 543 1071 607 ire
1084 544 1193 624 jubet,
1206 547 1307 612 sImu·

304 645 309 658 '
359 647 428 709 lans
443 667 477 709 se
493 645 682 734 propediem
698 669 736 712 eo
750 665 978 736 sequuturum.
990 648 1053 714 Sed
1069 649 1137 738 ipse
1148 653 1252 742 pergit
1267 653 1308 718 ad

358 749 480 816 flumen
496 753 629 817 Tanam.

250 859 336 923 XCI.
360 859 456 924 Sexto
472 858 524 923 die
535 858 576 923 ad
592 856 731 942 flumen,
742 859 818 924 inde
834 863 943 926 multis
960 861 1088 928 utribus
1104 886 1187 950 aqua
1202 866 1307 953 reple·

360 964 426 1041 tis,
451 964 545 1028 tertia
568 981 663 1029 nocte
687 965 791 1054 (narn
816 983 916 1032 noctu
936 967 1043 1031 solum
1067 969 1202 1034 faciebat
1224 969 1308 1057 iter)

359 1093 460 1159 prope
477 1073 612 1160 Capsam
628 1073 784 1160 pervenit.
803 1075 909 1157 Quam
926 1097 965 1138 ex
982 1075 1157 1162 improviso
1182 1092 1306 1164 captam

360 1177 446 1240 ferro
461 1193 495 1240 et
511 1177 662 1242 incendio
678 1178 773 1244 delet.

251 1281 354 1345 XCII.
378 1280 488 1346 Gloria
510 1300 646 1362 auctus,
665 1285 732 1348 suis
755 1305 865 1366 carus,
881 1284 1029 1349 hostibus
1053 1285 1220 1368 terribilis,
1241 1309 1311 1350 om·

362 1386 457 1452 uibus
477 1389 508 1452 vi
528 1405 585 1453 aut
605 1406 695 1453 metu
718 1390 885 1470 subjectis,
908 1391 1074 1455 castellum
1092 1392 1126 1454 in
1145 1410 1311 1481 praerupto

358 1492 505 1580 undique
521 1517 596 1558 saxo
614 1495 775 1583 positum’,
789 1495 847 1559 ubi
862 1512 955 1560 erant
968 1496 1136 1585 Iugurthae
1149 1497 1311 1581 thesauri,

359 1620 548 1688 oppugnare
564 1600 760 1690 aggreditur.

251 1703 369 1768 XCIII.
388 1705 501 1786 Quum
529 1729 606 1770 vero
623 1708 733 1772 multis
745 1707 860 1774 diebus
875 1725 909 1772 et
926 1707 1090 1773 laboribus
1110 1711 1312 1797 consumptis

360 1833 470 1875 secum
493 1809 701 1892 deliberaret,
720 1839 762 1878 an
788 1815 952 1880 omitteret
974 1815 1162 1904 inceptum
1178 1815 1312 1880 invento

360 1939 418 2005 per
429 1917 578 2008 Ligurem
591 1921 727 1985 militem
740 1922 878 1999 tramite,
892 1921 1039 2009 quinque
1048 1920 1218 2002 tubicines,
1235 1945 1311 1986 cum

361 2023 480 2114 Ligure
494 2041 528 2090 et
543 2043 684 2114 quatuor
697 2027 953 2110 centurionibus,
970 2029 1006 2090 in
1021 2049 1182 2092 summam
1196 2048 1311 2114 rupem

361 2129 494 2194 evadere
504 2131 608 2212 jubet.

254 2231 369 2298 XCIV.
395 2235 524 2318 Quibus
553 2237 621 2302 huc
643 2241 797 2328 egressis,
816 2239 896 2304 durn
920 2261 1029 2330 pugna
1045 2261 1083 2302 ex
1101 2239 1199 2302 altera
1222 2253 1312 2327 parte

361 2341 485 2422 fervet,
510 2361 643 2434 repente
665 2340 855 2412 canentibus
881 2369 899 2410 a
924 2363 1015 2436 tergo
1039 2345 1137 2435 signis
1162 2342 1313 2408 Numidre

363 2463 536 2514 terrentur.
560 2449 648 2514 Turn
675 2451 798 2516 Marius
827 2451 932 2516 acrius
964 2451 1083 2533 instat,
1110 2449 1313 2536 Romanique

362 2575 495 2618 murum
511 2573 674 2643 superant.

254 2657 352 2721 XCV.
375 2659 511 2723 Interim
527 2661 562 2725 L.
580 2661 665 2748 Sylla
681 2677 822 2749 quaestor
833 2662 867 2725 in
880 2678 982 2725 eastra
997 2661 1086 2725 venit
1101 2684 1178 2725 cum
1194 2683 1314 2750 magno

360 2765 526 2850 equitatu,
542 2789 641 2853 quern
657 2783 696 2831 ut
712 2790 752 2831 ex
774 2767 866 2831 Italia
881 2784 1030 2856 cogeret,
1045 2768 1157 2832 Romae
1182 2767 1314 2831 relictus

361 2885 440 2933 erat.
457 2869 549 2958 Syllae
565 2888 680 2935 natura
697 2889 731 2937 et
745 2871 881 2937 indoles.

255 2974 370 3040 XCVI.
393 2976 450 3039 Ille
466 2977 596 3065 optimis
611 2977 734 3042 artibtm
755 2978 850 3042 Marii
865 2995 898 3044 et
916 2979 1056 3043 militum
1072 2978 1205 3070 gratiam
1222 2977 1315 3042 brevi

362 3079 423 3145 sibi
439 3083 598 3148 conciliat.

253 3186 386 3252 XCVII.
403 3187 527 3255 Eodem
543 3207 690 3280 tempore
705 3191 844 3257 dubium
859 3207 1133 3280 cunctantemque
1148 3191 1313 3256 Bocchum

363 3281 540 3388 Iugurtha,
559 3301 686 3365 tertiam
702 3301 863 3390 pollicitus
880 3297 1041 3364 Numidiae
1064 3315 1208 3388 partem,
1224 3298 1315 3362 illicit

363 3420 401 3468 ut
416 3404 504 3470 adse
520 3429 596 3472 curn
612 3429 727 3497 magna
742 3405 952 3471 multitudine
966 3405 1083 3471 veniat.
1097 3404 1220 3481 Ambo,
1235 3404 1313 3484 juu-

363 3513 422 3576 ctis
439 3511 579 3597 viribus,
595 3515 657 3578 sub
674 3535 839 3604 vesperam
854 3513 958 3579 Matio
973 3515 1145 3602 ingruunt.

257 3617 403 3684 XCVIII.
426 3619 494 3695 lbi,
511 3621 611 3684 atroci
628 3619 716 3686 edito
731 3621 860 3711 prelio,
877 3619 1145 3707 conturbatisque
1161 3616 1314 3682 omnibus

362 3725 515 3790 Romanis
539 3725 768 3816 barbarisque,
791 3728 914 3794 Marius
943 3725 1027 3792 duos
1051 3725 1147 3790 colles
1173 3725 1259 3788 inter
1280 3745 1315 3786 se

362 3832 563 3922 propinquos
586 3852 733 3924 occupat.
760 3835 834 3899 Huc
849 3835 966 3899 milites
987 3833 1141 3922 paulatim
1157 3831 1192 3894 in
1208 3851 1315 3893 unum

364 3955 544 4004 contractos
560 3938 723 4004 subducit.
741 3941 846 4006 Colles
862 3939 989 4004 barbari
1005 3936 1276 4004 circumveniunt.

256 4041 373 4109 XCIX.
396 4043 598 4114 Adventante
613 4048 702 4125 luce,
719 4047 754 4112 in
770 4047 901 4114 Mauros
920 4045 1129 4134 Gracilesque
1142 4093 1151 4126 ,
1167 4045 1316 4108 incautos
