2938 4654
555 399 850 470 ausu-attin.
1163 394 1237 468 233

170 531 337 628 sequendo
351 531 462 603 hostes
477 531 644 603 deterrere
656 534 889 628 nequiverant,
904 531 1059 626 disjectos
1069 531 1111 601 ab
1126 545 1236 628 tergo,

171 654 228 708 aut
244 638 403 710 lateribus
422 640 749 712 circumveniebant:
765 641 816 710 sin
830 641 1051 736 opportunior
1068 639 1154 736 fugae
1170 637 1238 708 col-

170 741 227 834 lis,
246 771 346 842 quam
365 749 473 843 campi
496 747 644 837 fuerant;
666 772 705 817 ea
724 773 805 817 vero
826 745 997 840 consueti⁹
1016 746 1238 818 Numidarum

172 855 246 947 equi
268 852 364 924 facile
389 855 476 924 inter
498 854 641 951 virgulta
667 855 832 943 evadere3
861 869 992 924 nostros
1020 855 1180 949 asperitas
1205 867 1241 923 et

173 958 345 1030 insolentia
362 959 426 1031 loci
447 962 618 1032 retinebat.
1132 965 1137 983 '

224 1068 280 1136 LI.
301 1069 458 1138 Ceterum
476 1069 576 1140 facies
596 1069 697 1138 totius
719 1070 845 1164 negotii
864 1071 971 1158 varia,
985 1071 1130 1156 incerta,
1146 1067 1239 1138 'foeda

173 1187 271 1266 atque
291 1174 507 1245 miserabilis:
526 1176 665 1272 dispersi
685 1201 704 1245 a
720 1177 803 1264 suis,
823 1201 900 1272 pars
922 1175 1057 1263 cedere,
1074 1175 1127 1243 alii
1149 1176 1239 1244 inse-

173 1281 245 1374 qui3
262 1306 369 1376 neque
387 1284 496 1378 signa,
513 1309 621 1380 neque
639 1283 771 1353 ordines
791 1283 989 1372 observare;
1004 1281 1060 1352 ubi
1072 1305 1238 1377 quemque

174 1385 358 1481 periculum
385 1404 544 1485 ceperat,
563 1392 608 1460 ihi
634 1393 784 1460 resistere
812 1415 850 1460 ac
876 1389 1071 1487 propulsare
1095 1414 1105 1456 :
1126 1409 1240 1478 arma,

174 1491 254 1582 tela,
271 1497 361 1590 equi,
373 1497 452 1585 viri,
466 1497 592 1586 hostes,
609 1499 697 1570 cives
717 1499 871 1593 permixti
889 1525 895 1567 :
915 1495 996 1567 nihil
1018 1495 1169 1582 consilio,
1183 1519 1240 1563 ne-

175 1624 238 1694 que
259 1602 398 1697 imperio
420 1605 490 1698 agi;
517 1604 584 1674 fors
603 1606 713 1674 omnia
736 1629 859 1701 regere.
881 1608 1000 1700 Itaque
1021 1602 1162 1674 multum
1177 1601 1242 1670 diei

176 1725 405 1801 processerat,
428 1735 531 1805 quum
557 1713 655 1781 etiam
684 1727 756 1780 tum
779 1727 918 1784 eventus
940 1715 973 1780 in
1003 1715 1132 1781 incerto
1160 1723 1240 1778 erat.

176 1814 327 1909 Denique
345 1817 499 1887 omnibus
519 1816 631 1888 labore
648 1827 690 1888 et'
700 1833 781 1888 aestu
800 1810 978 1915 languidis,
994 1816 1166 1904 Metellus,
1184 1815 1241 1884 ubi

177 1920 266 1990 videt
284 1923 445 1993 Numidas
464 1927 572 1996 minus
591 1928 733 2014 instare;
752 1925 922 2020 paullatim
942 1925 1061 1994 milites
1084 1925 1118 1992 in
1137 1947 1243 1991 unum

178 2027 345 2114 conducit,
369 2031 501 2101 ordines
525 2034 684 2120 restituit,
702 2046 736 2100 et
753 2033 908 2101 cohortes
925 2029 1135 2127 legionarias'
1157 2053 1242 2123 qua·

178 2149 252 2204 tuor
270 2135 448 2207 advorsum
466 2137 593 2235 pedites
620 2139 767 2208 hostium
793 2138 943 2208 collocat.
970 2141 1096 2207 Eorum
1122 2159 1244 2230 magna

177 2265 253 2336 pars
268 2246 492 2338 superioribus
510 2244 589 2315 locis
605 2245 689 2316 fessa
702 2245 907 2315 consederat.
923 2243 1027 2314 Simul
1041 2267 1152 2331 orare,
1164 2243 1243 2311 hor-

68 2403 73 2414 ,
178 2351 239 2417 tari
257 2349 393 2440 milites,
409 2377 450 2422 ne
464 2351 662 2442 deficerent,
681 2377 747 2422 neu
768 2365 962 2447 paterentur
983 2351 1095 2420 hostes
1116 2350 1243 2444 fugien-

178 2469 225 2524 tes
247 2457 402 2528 vincere:
418 2484 525 2554 neque
546 2458 608 2531 illis
629 2475 737 2530 castra
758 2457 857 2547 esse²,
873 2483 979 2552 neque
999 2459 1243 2526 munimentum

180 2559 302 2650 ullum,
317 2589 384 2658 quo
403 2566 558 2636 cedentes
577 2565 773 2636 tenderent:
796 2569 830 2634 in
847 2566 947 2634 armis
960 2566 1072 2635 omnia
1086 2565 1157 2632 sita.
1178 2561 1245 2632 Sed

182 2694 221 2736 ne
238 2671 403 2764 iugurtha
425 2673 559 2768 quidem
580 2676 705 2742 interea
721 2674 851 2768 quietus
868 2699 875 2741 :
892 2673 1084 2758 circumire,
1102 2671 1246 2760 hortari,

180 2799 339 2846 renovare
361 2779 532 2874 praelium,
554 2783 679 2875 etipse
700 2805 777 2849 cum
797 2777 932 2849 delectis
955 2793 1083 2848 tentare
1105 2779 1217 2847 omnia
1236 2802 1244 2844 :

182 2883 356 2954 subvenire
379 2889 462 2976 suis,
483 2887 634 2957 hostibus
656 2886 763 2957 dubiis
785 2889 926 2976 instare;
944 2911 1027 2984 quos
1049 2884 1163 2955 firmos
1186 2909 1246 2953 co·

180 3006 356 3083 gnoverat,
375 2995 503 3064 eminus
525 2993 705 3090 pugnando
724 2997 875 3064 retinere.

233 3099 307 3168 Lll.
335 3103 386 3169 Eo
406 3101 507 3171 modo
528 3103 615 3170 inter
634 3127 669 3172 se
690 3101 757 3172 duo
778 3105 1010 3198 imperatores,
1032 3101 1153 3170 summi
1169 3099 1249 3183 viri,

182 3299 240 3334 rum
259 3282 402 3364 duntaxat,
418 3287 465 3357 qui
486 3283 614 3339 Numidas
630 3303 692 3357 per·
735 3297 855 3350 tantum,
868 3297 895 3338 et
908 3284 1033 3356 posthoc
1045 3283 1144 3336 bellum
1157 3280 1250 3336 induo·

182 3363 367 3433 sequebantur.
734 3377 789 3418 tam
802 3366 881 3417 luisse
889 3375 965 3416 notat
973 3363 1013 3415 Da
1024 3362 1141 3424 Brasses5
1151 3361 1249 3414 Sallus·

222 3461 248 3512 9.
261 3444 304 3496 Ea
317 3463 376 3496 aero
388 3449 500 3499 consueti.
515 3446 569 3508 Ea,
585 3446 691 3498 ablatis.
736 3445 803 3497 tium
812 3445 905 3515 igitur,
915 3455 941 3496 et
951 3441 1249 3513 Livium,quotiesante

183 3519 300 3576 adverbii
316 3524 376 3580 looo
390 3525 506 3596 positus,
520 3537 550 3578 ut
558 3525 621 3578 alibi
630 3526 693 3580 hac:
736 3525 788 3577 hoc
802 3537 906 3595 tempus
916 3521 1040 3575 cohortes
1051 3521 1203 3586 nominant,
1217 3539 1249 3572 ex

184 3619 211 3654 ea
226 3603 269 3656 via
286 3603 326 3657 ire
340 3607 469 3660 consueti.
483 3607 541 3659 Nisi
553 3605 628 3658 malis
643 3623 694 3676 pro
737 3621 811 3657 more
827 3601 955 3656 duntaxat
968 3602 1008 3655 sui
1024 3602 1151 3673 temporis
1163 3599 1248 3672 loqui.

183 3684 330 3738 aoemtivo
343 3686 476 3757 accipere:
486 3685 561 3739 adm
575 3687 628 3737 loca
639 3703 695 3738 cort-
737 3685 862 3737 Ceterrun
879 3683 1001 3736 cohortes
1020 3693 1148 3753 quatuor,
1162 3679 1249 3732 mani·

183 3763 602 3820 eum-Evadmttvndehant.
737 3764 814 3836 pulos
824 3761 980 3828 duodecim,
993 3781 1039 3816 seu
1051 3773 1165 3834 quatuor
1176 3771 1203 3813 et
1211 3759 1252 3812 vi-

223 3843 288 3897 Car.
303 3845 348 3898 LI.
368 3862 390 3899 t.
407 3845 522 3900 cotona
538 3847 693 3917 Ιιςίοιιανὶω.
737 3845 805 3916 giuti
819 3843 950 3898 centurias
965 3843 1186 3913 complectuntur.
1256 3854 1258 3860 ·

187 3923 306 3977 Diximus
319 3923 353 3977 ad
364 3943 387 3979 c.
397 3925 563 3992 xxxvm,
573 3925 695 3981 cohortes
781 3945 807 3979 ι.
821 3925 904 3996 Neque
914 3924 962 3976 itta
977 3934 1057 3976 castra
1069 3941 1125 3974 esse.
1143 3922 1205 3973 Vox
1217 3919 1250 3971 tt·

186 4001 212 4054 in
231 4003 335 4076 legione
349 4005 430 4060 luisse
444 4003 544 4061 decem.
564 4003 616 4062 Sed
637 4023 696 4059 eam
740 4005 782 4068 tis,
799 4017 829 4058 ut
846 4021 888 4056 rei
903 4003 959 4075 ipsa
974 4001 1089 4068 iudicat,
1105 3999 1138 4054 ad
1153 4002 1251 4054 Roma·

185 4097 233 4152 per
250 4083 373 4144 cohortes
393 4083 551 4142 divisionem
576 4085 696 4144 altorio
739 4103 788 4142 nos
801 4081 941 4149 referenda
954 4095 1001 4137 est.
