2938 4654
590 433 886 507 IUGURTHA.

190 562 287 636 rum¹
305 591 417 636 rerum
436 565 602 637 venalium
621 571 723 639 totius
742 572 836 665 regni
861 592 1015 638 maxume
1034 567 1256 659 celebratum3

190 666 247 741 ubi
270 687 304 741 et
327 672 490 764 incolere,
515 690 549 744 et
572 678 712 746 mercari
737 692 978 746 consueverant
1001 675 1102 747 italici
1127 680 1256 772 generis

191 777 286 850 multi
304 779 468 851 mortales.
489 785 564 851 Huc
583 781 717 868 consul,
740 782 855 853 simul²
870 782 1018 853 tentandi
1034 786 1158 878 gratia,
1179 796 1212 853 et
1231 783 1257 854 si

192 885 386 982 paterentur
399 891 665 984 opportunitates
680 888 762 979 loci,
775 891 965 985 praesidium
980 893 1157 986 imposuit:
1171 917 1255 987 prae-

194 1006 285 1062 terea
299 996 489 1090 imperavit,
503 995 724 1083 frumentum,
734 1011 767 1065 et
784 996 846 1066 alia
864 1021 937 1092 quae
951 996 1038 1068 bello
1055 999 1129 1066 usui
1150 997 1261 1068 forent

193 1116 424 1196 comportare3
455 1117 546 1172 ratus
572 1103 626 1189 id,
651 1103 741 1198 quod
764 1129 816 1173 res
846 1104 1022 1190 monebat,
1042 1103 1259 1198 frequentiam

193 1209 437 1302 negotiatorum
456 1223 490 1279 et
510 1211 769 1280 commeantium
784 1211 978 1304 juraturum
1003 1211 1204 1299 exercitum,
1227 1227 1261 1280 et

192 1312 261 1405 jam
275 1317 398 1410 paratis
417 1316 516 1386 rebus
534 1319 739 1386 munimento
759 1316 839 1386 fore.
856 1320 951 1387 Inter
964 1316 1036 1386 haeo
1054 1318 1186 1413 negotia
1203 1321 1222 1386 J
1224 1343 1260 1387 u·

1180 435 1254 508 225

235 1498 300 1558 Cre.
316 1499 429 1555 XLVII.
453 1517 477 1554 1.
489 1498 589 1555 Forum.
605 1500 707 1554 Forum
754 1499 1195 1556 «Vos....verbistantmnetvatnm
1203 1522 1261 1556 car·

196 1577 294 1634 dieitur
312 1599 368 1634 non
382 1579 463 1633 modo
477 1593 571 1652 patens
592 1581 619 1634 in
641 1581 707 1634 urbe
750 1579 867 1634 minibus
880 1599 973 1654 pacem
989 1581 1115 1648 defenditis
1122 1587 1200 1644 timo,
1213 1583 1261 1656 'op-

196 1659 285 1728 locue,
297 1658 344 1714 sed
358 1661 414 1733 ipse
427 1661 491 1713 urbs
506 1662 547 1714 vel
563 1660 707 1734 oppidum,
751 1662 812 1714 tatis
823 1662 905 1733 magis
914 1680 994 1733 quam
1005 1659 1155 1715 defenditis.
1169 1664 1224 1716 ‚Et
1233 1664 1260 1718 in

197 1759 251 1813 quo
265 1741 308 1794 vel
321 1741 349 1792 in
361 1743 404 1812 jus
418 1738 514 1806 eundi,
527 1741 569 1794 vel
580 1755 709 1795 mercatu·

197 1839 233 1874 rae
248 1818 387 1878 faciende.
400 1820 443 1873 vel
463 1817 573 1874 omnino
588 1823 708 1894 negotio·

197 1919 258 1954 tum
268 1919 345 1954 eausa
355 1901 505 1973 frequentes
513 1901 635 1954 homines
648 1920 709 1955 oon·

198 1981 346 2036 veniebant.

240 2083 265 2115 a.
275 2062 334 2114 Huc
341 2061 426 2114 consul
432 2061 514 2124 simul,
526 2073 570 2114 etc.
584 2061 663 2114 Hunc
671 2061 710 2114 lo·

106 2173 111 2190 ι
199 2159 259 2195 eum
274 2139 370 2194 misere
385 2155 508 2195 vexatum
523 2153 550 2194 et
564 2141 636 2194 vsrie
650 2159 709 2193 cor·

198 2234 307 2295 ruptum
322 2217 356 2273 als
374 2219 578 2294 interpretibus,
594 2239 609 2274 a
622 2219 710 2274 verbis

199 2301 346 2363 uocemue,
356 2301 481 2374 usquead
493 2305 635 2354 munimento
638 2303 707 2369 sore,

198 2381 300 2454 integre
315 2383 504 2454 expressimus,
519 2381 603 2453 qualis
622 2393 661 2434 est
681 2381 710 2433 in

199 2474 352 2516 nestrorum
361 2461 435 2515 MSS.
449 2463 646 2533 antiquissimo,
660 2461 711 2513 nisi

199 2540 273 2616 qnod
287 2543 367 2595 habet
386 2553 570 2603 commeantum,
586 2559 634 2594 nos
646 2559 710 2593 vero

199 2621 294 2676 damus
315 2625 511 2688 mamutium,
529 2640 588 2674 cum
617 2639 672 2674 uno
696 2640 711 2674 e

200 2703 342 2758 Cerdonis.
363 2701 474 2756 llorere.
489 2713 658 2760 commeaturus
669 2720 716 2754 re·-

200 2781 273 2856 liqua
289 2794 319 2835 ut
332 2783 360 2835 in
373 2781 667 2848 nostro.B,C,D,E,
681 2790 727 2834 ut'

200 2861 312 2916 Havete.
329 2861 421 2916 Trete
435 2861 585 2928 Cottianis,
599 2881 713 2914 commea-

202 2943 378 2996 tuum.Sensus
389 2954 441 2996 est:
454 2967 465 2990 ι
477 2941 536 2995 Huc
551 2942 660 3007 consul,
676 2943 711 2994 si·

200 3024 258 3077 mul
273 3024 419 3093 Iugurtham
438 3021 555 3076 tentandi
569 3023 663 3093 gratis,
680 3041 712 3072 on

202 3105 245 3156 ltoe
260 3104 338 3156 lennes
353 3114 469 3175 spectaret
476 3122 486 3166 ,·
495 3115 520 3155 et
530 3101 620 3167 simul,
633 3101 654 3154 si
666 3119 713 3174 pa·

201 3195 322 3237 tenentur
337 3183 548 3256 opportunitates
563 3181 631 3246 loci,
644 3200 712 3255 pres-

201 3261 301 3317 sidium
314 3267 476 3335 impositione,
487 3263 711 3324 (lentescentem,

197 3345 384 3415 praediumque
398 3343 525 3414 imposuit
542 3369 553 3390 ι
574 3341 660 3395 Facile
676 3352 715 3395 est

752 1741 829 1795 catil.
843 1742 935 1794 LVIII
950 1760 958 1794 ε
976 1769 987 1790 ι
1006 1743 1060 1795 Nos
1072 1761 1123 1814 pro
1137 1747 1276 1814 patria...r

751 1834 896 1888 certamus3
909 1821 962 1874 illis
976 1839 1198 1894 supervacaneum
1212 1837 1264 1892 est,

752 1913 818 1955 etr..-
829 1901 875 1954 nbi
884 1899 1008 1954 adnotata
1015 1901 1085 1957 vide.
1094 1901 1146 1956 Sed
1153 1904 1265 1957 similius

751 1981 803 2034 hoc
812 1979 923 2052 Lepidi,
932 1981 1036 2054 Frogm.
1044 1981 1070 2040 I,
1081 1995 1173 2036 contre
1184 1985 1263 2055 Syllae

752 2058 1264 2134 tyrannidem:-vereornemliusslium

751 2140 902 2214 principem
913 2154 1104 2212 exspectantes,
1112 2155 1171 2196 ante
1180 2145 1264 2215 capia·

752 2221 837 2286 mini,
850 2233 917 2287 etc.;
929 2247 940 2267 ·
951 2239 1008 2291 quae
1025 2222 1104 2274 etiam
1123 2221 1193 2274 vide.
1211 2221 1263 2276 Sed

753 2299 787 2354 ed
802 2301 939 2354 Metellum
954 2299 1100 2355 redeamus.
1112 2328 1122 2349 ι
1133 2303 1182 2355 Ille
1195 2318 1263 2374 prse-

754 2393 825 2434 terea
840 2380 980 2452 imperavit
994 2385 1083 2433 vicinae
1103 2386 1206 2452 regionis
1227 2387 1264 2434 in·

754 2461 1261 2532 colisl'rumentum...lmcoomportare.»

753 2541 815 2593 Non
832 2539 953 2594 videmus
971 2560 1020 2594 our
1038 2542 1083 2594 hie
1103 2538 1265 2596 infinitivum

754 2633 900 2693 comportare
916 2619 1016 2674 recidat
1037 2622 1153 2675 Cortius.
1175 2623 1265 2690 Quum

754 2701 826 2754 enim
835 2703 928 2754 Vnecae
939 2699 1093 2772 presidium
1101 2702 1265 2776 imponeret,

755 2782 852 2834 rationi
865 2794 1070 2835 consentaneum
1087 2796 1138 2850 est,
1152 2783 1205 2837 huc
1219 2783 1265 2837 sd·

754 2861 1266 2932 vehijussissesrumentum.Praesidium
1297 2857 1298 2860 Ἴ

755 2955 843 2995 autem
852 2943 946 2995 Vaccae
961 2943 1087 3015 imposuit
1100 2969 1112 2992 ι
1126 2957 1198 2997 retus
1213 2945 1266 2997 t‘re·

756 3022 891 3094 quentiem
904 3025 1115 3094 negotiatorum,
1126 3028 1168 3096 qut
1175 3025 1213 3076 lu'e
1222 3025 1267 3076 lsa-

756 3103 877 3164 ditabant,
889 3115 916 3155 et
935 3104 1154 3169 commeantium,
1171 3102 1199 3156 id
1212 3119 1265 3164 est,

756 3195 906 3235 ceterorum
912 3197 1090 3238 mercatorum
1098 3184 1267 3254 quihuofre·

757 3273 867 3334 quentes
878 3260 984 3314 aliunde
993 3264 1167 3330 commeabant,
1175 3265 1269 3321 utilem

757 3341 883 3395 exercitui
892 3341 1008 3393 futuram
1017 3381 1024 3404 ,
1033 3363 1069 3394 res
1080 3345 1164 3414 qiribus
1172 3345 1270 3396 carebat

201 3423 293 3478 videre
302 3425 330 3476 in
339 3423 429 3476 animo
437 3423 559 3477 habuisse
566 3436 713 3487 auctorem,
756 3421 911 3492 suppetendo,
923 3432 950 3472 et
962 3433 1089 3492 proterea
1101 3423 1145 3474 hoc
1158 3423 1269 3494 oppidum

199 3503 275 3576 quod
287 3505 360 3576 typis
371 3503 465 3559 italicis
476 3502 663 3575 supplevimus.
676 3499 715 3553 Ea
758 3501 924 3554 munimento
932 3500 987 3552 lore
994 3503 1073 3553 rebus
1078 3505 1132 3573 jam
1138 3505 1243 3574 paratis.
1253 3531 1265 3552 2

200 3586 287 3638 currit
301 3583 440 3638 velocitate
460 3584 555 3656 stylus,
572 3595 601 3636 ut
621 3580 715 3635 iisdem
800 3578 940 3633 Nuncduo
954 3594 1053 3634 restant
1066 3580 1227 3636 offendicula
1241 3585 1269 3638 in

200 3665 281 3718 simul
292 3664 416 3717 eonsilium
430 3663 564 3734 imponendi
569 3661 679 3734 presidii
690 3673 716 3714 et
759 3679 814 3714 uno
830 3661 914 3714 verbo
928 3664 1083 3732 juraturum
1100 3651 1127 3715 1⁰
1141 3661 1214 3733 quod
1227 3683 1270 3717 ra·

197 3745 340 3815 pness'dium
348 3748 480 3815 impositum
487 3742 609 3804 declaret.
618 3741 716 3795 Similis
760 3759 821 3794 rum
830 3753 877 3794 est.
890 3743 923 3794 At
937 3753 1008 3794 certe
1024 3743 1141 3795 occurrit
1156 3745 1183 3795 in
1199 3744 1269 3798 Plin.

201 3825 259 3879 fere
273 3825 397 3896 ellipseos
420 3824 569 3896 exemplum
589 3841 621 3875 ex
640 3821 715 3874 Orat.
759 3821 843 3894 Epist.
861 3840 899 3887 rs,
920 3825 973 3875 15:
994 3849 1005 3870 ι
1017 3822 1055 3873 Ut
1069 3823 1184 3878 dium...
1197 3826 1271 3878 omni

200 3903 322 3978 Philipp.
338 3904 441 3976 Frsgm.
449 3905 475 3957 1:
490 3906 562 3956 «Vos
573 3915 717 3955 mussantes
760 3921 827 3995 ope,
837 3902 939 3958 labore,
951 3903 1033 3974 gratis
1041 3903 1120 3957 simus
1125 3907 1243 3976 juraturi.
1256 3933 1267 3954 ι

200 3983 519 4050 etretraetantes‚verhis
528 3995 554 4035 et
562 3996 652 4035 vatum
660 4001 717 4034 car·
763 4001 778 4036 a
802 3979 883 4046 Quod
898 4001 953 4034 non
972 3981 999 4032 in
1018 3983 1145 4036 feminino
1162 4003 1273 4056 genere,

200 4067 330 4129 missibus,
338 4083 430 4136 pacem
440 4065 536 4134 optatis
542 4063 632 4134 magis,
638 4079 717 4134 mam
760 4075 871 4134 propter
877 4063 1046 4134 frequentiam.
1060 4063 1111 4116 Sed
1126 4065 1273 4121 infinitivus

200 4143 369 4212 defenditis3
387 4170 399 4192 ι
422 4143 470 4198 ubi
498 4141 587 4198 dicere
609 4142 716 4198 voluit:
762 4139 1274 4216 esuehomuinecessitategenemmsb·

1072 4227 1115 4300 15
