2950 4648
243 367 318 454 438
618 370 915 440 SALLUSTIl

294 503 381 570 'Nam
406 499 504 570 Sullae
533 499 789 572 dominationem
815 503 966 574 audebat.
988 503 1083 574 Idem
1103 505 1157 591 ll,
1180 502 1219 590 3,
1243 508 1303 589 alp.

295 616 412 707 Neque
432 629 482 682 est
501 615 647 686 offensus
656 602 681 646 ⁶⁴
692 618 948 688 dominationem
965 618 1071 690 Sullae.
1091 621 1207 708 Idem,
1221 619 1302 688 ebrii.

294 732 369 798 Neu
389 730 461 822 quis
483 729 592 818 miles,
609 757 691 800 neve
708 759 769 828 pro
788 734 902 804 milite.
918 737 1059 806 Servum·

295 847 347 912 Ex
369 841 540 914 insolentia
562 846 678 916 avidus
696 849 937 919 malefaciundi.
956 851 1061 920 Idem.

295 963 410 1056 Tergis
428 963 623 1032 vinciebant.
642 965 748 1034 Idem.

297 1077 483 1170 Charybdis
494 1063 518 1102 ⁶⁵
537 1105 610 1172 quae
632 1079 717 1148 forte
738 1079 826 1149 illata
846 1079 1016 1174 naufragia
1037 1079 1176 1148 sorbens
1194 1079 1304 1173 gurgi·

245 1184 332 1253 tibus
354 1182 491 1252 occultis
513 1186 614 1254 millia
635 1189 698 1255 LX
713 1188 992 1256 Tauromenitana
1015 1185 1057 1254 ad
1077 1184 1175 1254 litora
1194 1183 1303 1252 trahit.

245 1290 348 1358 Idem.

298 1407 487 1499 Saguntini,
509 1405 574 1474 fide
593 1421 691 1500 atque
717 1407 870 1476 aerumnis
890 1404 1020 1492 incluti,
1038 1430 1098 1500 per
1116 1401 1306 1474 mortalium

247 1497 426 1580 studium⁶⁶
440 1512 581 1604 majores
601 1538 699 1606 quam
720 1514 857 1608 opibus;
878 1513 1000 1607 quippe
1022 1515 1094 1606 quis
1118 1514 1215 1579 etiam
1236 1524 1307 1577 tum

247 1619 403 1686 semiruta
425 1621 563 1706 moenia,
581 1619 700 1688 domus
718 1621 866 1705 intectae,
884 1621 1089 1713 parietesque
1107 1615 1307 1711 templorum

247 1724 391 1792 ambusti
404 1747 521 1792 manus
536 1725 675 1794 Punicas
690 1725 908 1794 ostentabant.
925 1728 1065 1794 Hieron.
1081 1729 1116 1794 in
1130 1723 1307 1793 Hubacnc.

248 1853 318 1923 cap.
346 1853 401 1899 Η.

246 2036 538 2100 narrasse,adulatores
548 2038 758 2112 Mithridatisip·
802 2043 907 2094 lonium
936 2042 1042 2112 pelagus
1070 2039 1197 2112 perfluit,
1222 2050 1310 2101 atrox,

247 2137 305 2170 sam
325 2119 437 2188 Pyrria,
457 2117 603 2172 Sertorium
623 2121 759 2172 Hannibali
803 2139 917 2184 saevum,
939 2133 965 2174 et
990 2119 1082 2194 Scyllsa
1110 2117 1311 2191 Charybdisque

248 2197 442 2268 aequiparem
464 2199 560 2269 quibas
579 2201 694 2271 populus
714 2219 758 2252 ro·
803 2201 878 2254 sevis
894 2201 1046 2254 nominibus
1065 2199 1203 2271 inclytam.
1226 2197 1311 2270 Scylla

247 2295 341 2331 manus
350 2289 423 2331 tanto
431 2278 519 2331 minus
526 2280 647 2332 resistere
655 2293 759 2351 posset,
802 2299 894 2333 saxum
905 2292 956 2344 est,
965 2277 1114 2351 Charybdis
1123 2298 1204 2342 mare,
1214 2291 1312 2330 utrum·

249 2355 322 2428 quod
332 2377 425 2429 aequose
431 2371 457 2410 et
465 2371 528 2410 terra
537 2361 760 2430 urgeretur.iiem
804 2379 856 2431 que
870 2359 977 2413 noxium
992 2359 1132 2432 appulsis.»
1152 2357 1222 2411 Vide
1236 2359 1312 2411 etiam

250 2450 340 2489 narrat
353 2437 488 2491 Plutarch.
505 2438 531 2490 in
548 2439 695 2492 Sertorio·
802 2441 900 2492 Justin.
921 2459 965 2502 rr,
983 2457 994 2493 r
1015 2457 1023 2506 3
1038 2439 1127 2492 Senes.
1148 2439 1199 2510 Ep.
1215 2456 1312 2502 sxxrx5

291 2519 337 2580 ot.
348 2518 431 2590 Neque
442 2530 477 2569 est
487 2519 600 2586 offensis.
611 2518 654 2571 Sic
664 2519 761 2590 legitur
804 2520 880 2590 Virg.
892 2517 999 2572 AEneid.
1012 2537 1065 2585 ιιι,
1077 2525 1147 2583 4²03
1158 2518 1258 2570 Tibull.
1269 2535 1312 2580 ιη

251 2594 322 2666 apud
343 2599 440 2650 Donat.
456 2598 483 2648 in
503 2597 637 2652 Terentio.
653 2600 761 2652 Cortius
804 2597 883 2654 Ovid.
898 2599 962 2652 Met.
977 2617 1039 2666 xrv3
1055 2597 1100 2651 Sil.
1115 2597 1172 2650 Ital.
1189 2617 1246 2662 xiv,
1264 2615 1312 2658 ιη

251 2687 277 2727 et
290 2675 399 2729 Havero.
414 2677 531 2743 deserum.
541 2679 581 2730 De
590 2697 680 2744 sensu,
691 2679 760 2731 nibil
803 2677 883 2731 Hom.
899 2677 951 2730 Od.
968 2701 998 2749 μ,
1021 2679 1056 2749 73
1069 2699 1076 2744 ;
1095 2689 1121 2730 et
1139 2678 1209 2730 inter
1224 2695 1313 2729 recen·

252 2755 317 2807 certi
333 2756 456 2826 conjicio.
805 2759 884 2810 tiores
898 2759 1004 2812 Cluver.
1024 2757 1096 2812 Sicil.
1111 2759 1173 2810 Ant.
1188 2777 1214 2821 r,
1236 2759 1262 2810 5.
1277 2789 1314 2799 -

293 2833 339 2886 65.
363 2833 507 2906 Charybdis.
528 2835 709 2907 Quacumque
728 2831 761 2890 ad
805 2838 953 2908 Naufragio.
978 2837 1092 2890 Navium
1115 2838 1253 2908 fragmina.
1277 2869 1314 2878 —

252 2911 460 2983 descriptionem
468 2913 760 2988 CharybdisetScyllae‚
808 2917 1316 2988 Gurgitibusoccultis.Nonoccnltisgur·
1343 2969 1351 2979 ,

253 3005 281 3046 et
295 2993 375 3045 totius
391 2992 470 3046 Siculi
484 2994 544 3046 freti
558 2995 708 3066 pertinent,
720 2995 761 3048 di·
806 2998 917 3068 quibus,
930 2995 975 3049 ssd
986 2996 1082 3069 rapido
1093 2995 1224 3049 undarum
1238 3013 1315 3048 cursu

252 3070 341 3123 lucide
354 3085 380 3124 et
394 3073 526 3144 eleganter
539 3075 672 3127 enucleata
688 3076 762 3128 inre·
808 3077 914 3148 abrepta
930 3077 1033 3148 navigia
1051 3075 1146 3129 fluctus
1161 3073 1195 3128 ad
1213 3075 1315 3128 Tauro·

253 3151 310 3204 nies
321 3149 391 3222 apud
402 3153 436 3206 cl.
448 3155 487 3205 De
498 3153 543 3206 Br.
556 3173 592 3218 rr,
606 3155 640 3218 54
653 3167 678 3208 et
689 3175 762 3228 seqq.
806 3157 939 3208 menitana
953 3157 1042 3209 littora
1061 3155 1152 3209 trabit.
1170 3155 1316 3208 Taurome-

253 3231 279 3284 Is
292 3251 389 3284 nomeu
404 3231 550 3306 Clamhdim
564 3233 673 3287 ductum
687 3247 765 3307 putat
807 3237 881 3289 nium
897 3249 985 3291 autem
998 3249 1037 3289 est
1049 3237 1113 3288 urbs
1125 3235 1237 3300 Sicilie,
1246 3251 1318 3287 nunc

254 3312 367 3364 averbo
382 3314 481 3384 punico
494 3314 647 3378 chor-obdunt,
666 3315 693 3367 id
709 3329 764 3380 est,
812 3317 950 3368 Taorrnina.
1351 3365 1355 3372 .

251 3409 341 3461 gurges
353 3393 503 3462 perditionis.
520 3395 587 3447 Nam
598 3414 627 3447 re
638 3396 693 3467 ipsa
705 3415 765 3466 gnr-
850 3395 895 3448 66.
918 3397 968 3447 Per
983 3395 1118 3448 mortalirun
1138 3395 1251 3448 studium,
1270 3395 1320 3447 Per

252 3489 297 3540 ges
305 3483 343 3524 est
354 3472 518 3544 Charybdis,
528 3473 561 3526 ad
571 3475 666 3528 Sicilie
675 3475 764 3540 littus,
808 3473 888 3528 fidem
896 3493 974 3547 quam
980 3474 1117 3547 Saguntini
1123 3475 1249 3528 Romanis
1255 3493 1320 3546 prn-

255 3551 340 3624 Scylla
356 3569 420 3604 vero
437 3571 525 3606 saxum
543 3555 656 3608 immane
668 3553 700 3606 sd
715 3557 764 3608 ita·
809 3555 942 3608 stiterunt.
952 3587 992 3597 -
1002 3553 1091 3608 Manias
1100 3558 1203 3626 punicas
1215 3566 1320 3606 ostenta-

254 3629 331 3682 licam
343 3649 416 3684 oram
425 3651 433 3697 3
442 3633 515 3686 locus
527 3646 639 3704 uterque
652 3635 766 3688 fumosus
810 3635 876 3687 barrt.
884 3635 1006 3687 Imitatus
1016 3647 1055 3687 est
1062 3635 1146 3688 Tacit.
1156 3636 1226 3686 Ann.
1234 3653 1259 3698 r,
1269 3637 1302 3686 61
1312 3651 1320 3684 :

254 3711 416 3781 naufragiis,
439 3713 585 3782 presertim
605 3713 677 3784 apud
697 3716 766 3768 anti·
814 3715 921 3768 «Prima
934 3715 999 3767 Vari
1009 3728 1092 3768 csstra
1104 3715 1158 3766 lato
1170 3714 1286 3779 ambitu,
1296 3725 1321 3766 et

256 3807 339 3858 quos,
355 3809 436 3860 quum
459 3789 545 3843 adhue
560 3791 588 3843 in
610 3792 767 3847 rudimentis
810 3793 936 3847 dimensis
948 3794 1086 3866 principiis
1095 3793 1175 3846 trium
1186 3793 1322 3866 legionum

256 3881 321 3920 esset
328 3887 370 3921 ars
378 3869 616 3942 navigandibiela,
626 3891 704 3944 rr,7:
715 3901 725 3920 ι
734 3873 766 3926 Id
810 3893 905 3927 manus
917 3875 1098 3940 ostentabant;
1112 3871 1175 3926 dein
1194 3875 1322 3926 semiruto

257 3940 350 4012 (mare)
364 3965 504 4021 angustum
518 3964 543 4004 et
556 3969 650 4023 anceps
666 3954 767 4006 alterno
811 3955 897 4018 vallo,
909 3955 1003 4007 humili
1018 3955 1100 4018 losse,
1116 3953 1205 4007 accisas
1217 3955 1269 4025 jam
1283 3971 1323 4004 re·

259 4041 338 4081 eursu
353 4029 433 4083 modo
450 4033 477 4084 in
490 4031 720 4100 Tuscum,mod0
740 4033 768 4087 in
812 4034 901 4105 liqniae
916 4033 1064 4089 consedisse
1080 4033 1316 4105 intelligebantur.»
