2938 4654
215 439 288 508 228
476 440 513 508 C.
543 439 716 506 CRISPI
744 437 1022 506 SALLUSTII

213 584 403 666 porrectum
423 567 610 658 docuimus,
627 569 807 664 Jugurtha,
827 583 1001 638 extenuata
1018 591 1154 636 suorum
1176 561 1276 650 acie²,

213 675 393 746 consedit:
419 675 602 770 elephantis
625 691 658 744 et
680 678 765 770 parti
793 678 963 771 copiarum
979 673 1184 768 pedestrium
1206 673 1274 740 Bo·

212 781 381 852 milcarem
408 782 578 912 praefecit3
604 807 746 877 eumque
771 782 888 851 edocet
898 806 1004 876 ,quae
1033 793 1175 876 ageret:
1206 779 1275 872 ipsc

212 891 349 984 propios
362 873 528 958 montem³
544 915 621 958 cum
640 890 731 958 omni
746 891 892 983 equitatu
908 888 1064 1025 pedites
1048 886 1192 956 delectos
1209 881 1275 952 coi·

209 993 320 1064 locat:
336 996 412 1064 dein
432 995 577 1090 singulas
592 1012 718 1065 turmas
740 1011 838 1090 atque
857 979 1064 1090 manipulos⁴
1079 991 1275 1062 circumiens

212 1119 325 1172 monet
346 1117 445 1196 atquc
463 1101 666 1189 obtestatur,
684 1104 731 1171 uti
746 1126 911 1171 memores
929 1103 1075 1196 pristinae
1093 1099 1225 1167 virtutis
1244 1109 1277 1173 et

211 1211 359 1278 victoriae
376 1233 475 1304 seque
494 1234 699 1305 regnumque
718 1233 814 1278 suum
832 1210 874 1276 ab
893 1211 1122 1276 Romanorum
1140 1203 1276 1273 avaritia

212 1314 408 1399 defendant3
424 1341 499 1385 cum
515 1317 567 1385 his
584 1331 752 1385 certamen
774 1315 847 1383 fore
853 1340 959 1432 ,quos
978 1330 1074 1383 antea
1091 1314 1197 1380 victos
1216 1309 1276 1379 sub

208 1423 326 1515 jugum
346 1423 514 1491 miserint:
530 1422 649 1491 ducem
665 1421 823 1508 illis,non
843 1423 990 1490 animum
1009 1433 1188 1489 mutatum·
1180 1441 1276 1511 ,quae

211 1528 284 1596 ab
276 1543 477 1623 imperatore
508 1513 714 1616 decuerint⁵‚
744 1529 854 1597 omnia
885 1529 951 1596 suis
981 1529 1142 1622 provisa:
1136 1523 1276 1593 .locum

213 1636 434 1729 superiorem,
456 1637 506 1703 uti
533 1633 712 1729 prudentes
734 1660 811 1704 cum
832 1635 1008 1728 imperitis,
1037 1659 1078 1702 ne
1106 1633 1277 1726 pauciores

212 1766 288 1810 cum
317 1741 487 1836 pluribus,
514 1756 573 1810 aut
593 1740 692 1810 rudes
714 1767 791 1810 cum
818 1739 905 1809 bello
930 1739 1120 1811 melioribus
1141 1761 1275 1806 manum

211 1863 433 1917 consererent.
449 1847 592 1916 Proinde
606 1851 712 1942 parati
730 1849 914 1943 intentique
932 1863 1056 1932 essent,
1076 1848 1169 1940 signo
1184 1843 1276 1930 dato,

212 1955 381 2024 Romanos
403 1954 580 2024 invadere:
597 1953 688 2024 illum
705 1954 792 2024 diem
809 1969 867 2022 aut
885 1979 999 2023 omnes
1018 1951 1147 2022 labores
1163 1965 1196 2020 et
1208 1952 1275 2020 vic·

210 2065 312 2131 torias
330 2062 623 2149 confirmaturum,
641 2077 700 2131 aut
719 2086 950 2130 maxumarum
977 2083 1198 2129 aerumnarum
1217 2059 1275 2124 ini·

208 2170 294 2237 tium
312 2168 392 2238 fore.
416 2168 468 2237 Ad
485 2169 551 2237 lioc
569 2170 712 2258 viritim,
729 2171 777 2237 uti
798 2191 983 2262 quemque,
1006 2167 1050 2234 ob
1069 2164 1211 2234 militare
1231 2163 1275 2231 fa·

211 2277 323 2360 cinus,
338 2277 478 2370 pecunia
497 2291 555 2344 aut
572 2277 699 2344 honore
714 2273 896 2362 extulerat,
914 2271 1200 2342 commonefacere
1216 2271 1276 2340 be-

211 2382 322 2451 neficii
345 2383 413 2471 sui,
432 2397 465 2450 et
487 2407 563 2451 eum
586 2383 693 2476 ipsum
713 2381 783 2450 aliis
806 2395 990 2464 ostentarc3
1011 2394 1197 2474 postremo,
1216 2403 1277 2472 pro

211 2489 371 2582 cujusque
405 2489 559 2582 ingenio,
589 2487 797 2582 pollicendo,
827 2486 1032 2574 minitando,
1061 2484 1279 2570 obtestando,

212 2672 327 2743 spatium
342 2671 420 2724 rectis
439 2671 493 2724 iere
513 2672 614 2741 angulis
635 2691 723 2724 secan-
767 2684 842 2724 notat
860 2673 900 2724 De
918 2673 1016 2725 Brosses
1032 2673 1088 2726 haec
1106 2689 1216 2724 romana
1230 2667 1279 2722 noss

214 2765 276 2804 tem.
284 2751 344 2802 Vox
358 2753 441 2802 itinere
454 2748 524 2802 dicta
541 2765 580 2803 est
599 2751 655 2804 sine
668 2753 723 2804 ullo
768 2752 839 2804 mina
848 2771 943 2824 parum
953 2753 1061 2824 proprie
1076 2751 1129 2804 dici
1139 2750 1173 2803 de
1188 2751 1280 2803 Numi·

213 2843 334 2901 respectu
347 2830 397 2882 iter
409 2830 577 2895 facientium,
590 2851 639 2883 nec
653 2829 725 2884 alind
768 2829 863 2885 darum
871 2833 963 2904 copiis.
974 2835 1014 2885 De
1026 2833 1078 2885 hoc
1089 2831 1150 2885 vide
1160 2848 1218 2902 quae
1230 2849 1279 2882 no·

213 2911 281 2962 valet
297 2921 429 2961 tramoorso
442 2913 535 2972 itinere,
551 2929 630 2981 quam
649 2924 726 2964 trans·
767 2913 880 2965 tavimus
895 2931 990 2984 supra,
1005 2932 1061 2983 cap.
1077 2913 1140 2966 XII.

215 3001 385 3050 oorsotractu,·
397 2989 574 3060 contraquod
586 2989 620 3043 de
634 3005 725 3045 monte
810 2994 835 3045 5.
857 2993 920 3064 Quo
940 2993 971 3043 ab
992 2997 1132 3062 imperatore
1149 2991 1279 3043 decuerint.

214 3067 297 3134 dixit,
307 3072 365 3138 pari
378 3081 464 3121 tractu.
767 3070 850 3144 Supp.
869 3073 997 3143 provideri.
1024 3071 1147 3125 Providit
1167 3089 1279 3142 nempe,

258 3150 725 3204 a.Eatenuatasoorcmocie.Diducta
768 3164 797 3205 ut
819 3151 942 3205 Numidis
961 3153 1034 3204 locus
1057 3153 1179 3224 superior
1199 3163 1279 3216 esset:

214 3243 240 3282 et
260 3229 339 3282 iatius
361 3241 465 3282 extenta
486 3232 589 3297 fronte,
604 3250 662 3303 quae
683 3250 725 3283 res
768 3245 798 3284 ut
814 3233 945 3303 prudentes
968 3252 1019 3284 cum
1035 3235 1165 3303 imperitis,
1181 3229 1210 3284 id
1226 3243 1281 3296 est,

215 3315 331 3362 tenuiores
340 3322 367 3362 et
378 3310 465 3363 minus
473 3311 606 3365 consertos
618 3309 726 3365 ordines
768 3313 878 3365 scientes
893 3313 1013 3364 locorum
1033 3331 1095 3365 eum
1117 3311 1214 3382 ignaris
1230 3305 1281 3382 pu·

215 3391 285 3443 facit.
298 3391 405 3455 Livius,
417 3411 443 3455 v,
455 3392 615 3458 38,nullum
630 3389 664 3444 de
674 3391 726 3445 hoc
768 3405 893 3463 gnorent3
908 3391 1023 3464 denique
1043 3405 1074 3444 ut
1095 3391 1217 3445 hostibus
1235 3409 1283 3442 seu

214 3472 298 3523 serbo
312 3469 424 3524 dubium
439 3471 582 3542 relinquit:
599 3500 609 3519 ι
621 3473 676 3525 Nec
691 3485 727 3524 ta·
768 3488 896 3536 numero,
911 3491 957 3526 seu
971 3473 1033 3525 belli
1049 3472 1157 3542 peritia,
1171 3469 1282 3522 inferio·

215 3569 275 3604 men
285 3552 383 3623 aequari
390 3551 489 3604 frontes
500 3565 635 3623 poterant,
643 3571 726 3624 quum
768 3570 872 3604 resnou
886 3563 979 3605 essent.
990 3551 1048 3604 Hoc
1063 3553 1134 3604 enim
1147 3550 1199 3602 sibi
1209 3551 1281 3616 vult,

216 3633 365 3683 ecterauando
384 3631 516 3682 infirmam
534 3645 560 3683 et
577 3633 622 3683 vix
643 3633 728 3685 cohae·
769 3652 798 3684 nc
807 3635 935 3703 pauciores
949 3651 1001 3682 cum
1013 3631 1136 3703 pluribus,
1152 3642 1195 3681 out
1213 3629 1284 3682 rudes

214 3723 315 3766 rentem
331 3707 446 3763 mediam
460 3709 542 3762 aciem
555 3710 692 3762 haberent.
711 3737 722 3757 ι
770 3731 822 3762 cum
835 3711 896 3764 bello
916 3712 1049 3764 melioribus
1064 3724 1107 3764 ete.
1123 3708 1203 3763 Unde
1218 3729 1284 3762 con·

257 3791 283 3844 3.
300 3793 406 3861 Propior
421 3799 530 3842 moratam.
551 3789 668 3861 Supple,
684 3791 725 3844 ad.
768 3791 848 3859 jicere
866 3791 927 3845 licet
942 3810 997 3844 uon
1012 3789 1094 3844 modo
1108 3789 1223 3855 multos,
1236 3789 1284 3843 sed

215 3871 252 3923 sic
266 3872 343 3924 Catil.
353 3871 408 3922 XI:
423 3867 524 3935 «Quod
535 3881 622 3922 tamen
631 3871 726 3922 vitium
771 3871 850 3923 etiam
866 3883 966 3924 veteres
986 3872 1194 3942 exercitatosque
1212 3869 1285 3922 mili-

212 3955 311 4020 propios
325 3955 437 4002 virtutem
452 3963 542 4002 erat.»
771 3963 809 4003 tes
832 3953 860 4003 in
883 3952 952 4004 hanc
973 3949 1170 4023 expeditionem
1194 3967 1285 4004 secum

258 4037 284 4092 4.
305 4031 405 4082 Tormas
417 4042 488 4102 atque
501 4031 640 4101 manipnlos.
658 4027 727 4082 Scite
771 4027 883 4084 duxisse.
