2950 4648
211 397 285 481 440
361 447 364 456 ·
604 399 881 470 SALLUSTII

262 529 370 623 Atque
391 531 460 624 ipse
477 530 585 600 cultus
607 534 661 600 rei.
685 536 814 602 Acron.

257 633 390 728 Triplici
407 621 556 705 ssuctu⁶⁹.
577 640 711 709 Sermo
730 640 918 712 Fuldanus.

263 741 432 835 Charybdi
454 767 544 812 mare
566 747 777 816 vorticosum.
798 747 904 816 Idem.

265 846 330 916 Sed
342 849 398 916 ubi
414 863 563 945 tempore
575 854 652 920 anni
666 878 756 922 mare
769 851 926 922 classibus
936 852 1138 947 patefactum
1147 865 1206 920 est.
1220 849 1272 918 Id.

263 955 349 1023 Sane
368 954 475 1025 bonus
498 981 536 1024 ea
558 973 752 1052 tempestate
774 974 891 1028 contra
910 957 1055 1054 pericula
1069 972 1104 1026 et
1118 956 1273 1044 ambitio·

211 1085 296 1128 nem
319 1062 423 1130 Idem.

228 1190 230 1204 ¹
263 1167 366 1236 Simul
385 1170 535 1238 immanis
558 1171 730 1240 hominum
750 1175 800 1240 vis
825 1197 866 1240 ex
888 1172 967 1242 locis
988 1173 1136 1240 invasere
1156 1183 1270 1264 paten-

212 1288 280 1360 tes,
296 1300 396 1368 quum
419 1291 452 1344 et
470 1278 559 1370 pacis
580 1277 680 1350 modo
698 1278 863 1350 effusas⁷⁰.
882 1279 989 1348 Idem.

265 1383 381 1449 Genua
400 1397 532 1477 patrum
555 1383 786 1454 advolvuntur.
810 1385 914 1454 Idem.

263 1489 441 1557 Perrexere
461 1491 493 1557 in
513 1491 706 1584 Hispaniam
728 1506 761 1560 et
783 1492 977 1560 Sardiniam.
1000 1491 1105 1561 Idem.

264 1595 349 1680 Quae
374 1593 516 1688 mapalia
538 1596 648 1664 sunt⁷¹
681 1599 892 1692 circumjecta
912 1599 1062 1684 civitati,
1087 1593 1273 1664 suburbana

211 1697 357 1767 aedilicia.
377 1701 481 1769 Idem.

264 1807 309 1873 Et
329 1808 588 1884 onereturrium
611 1811 744 1880 incertis
764 1807 947 1880 navibus⁷².
967 1809 1073 1880 Idem.

265 1911 422 1980 Traditur
437 1913 548 2010 fugam
566 1916 600 1984 in
616 1915 792 2010 longinqua
807 1919 923 1986 oceani
937 1917 1112 2010 agitavisse
1121 1900 1157 1982 ⁷³.
1170 1914 1271 1983 Iden.

265 2018 316 2087 Ad
332 2019 534 2112 mutandum
557 2023 658 2092 modo
678 2025 712 2091 in
731 2021 846 2093 melius
864 2025 1041 2093 servitium.
1075 2025 1208 2092 Servius
1228 2019 1278 2088 ad

210 2125 227 2191 I
242 2123 420 2196 AEneulos.

214 2313 396 2381 grammaticas
411 2313 508 2368 formes
521 2294 723 2370 insacrdlndo·
809 2333 854 2388 70.
882 2317 961 2386 Quum
977 2329 1000 2366 et
1010 2320 1079 2385 1²⁰0ss
1094 2313 1164 2366 Mdv
1175 2313 1271 2379 ‘slm-

216 2409 277 2443 rum
290 2393 396 2463 lingua,
412 2413 470 2466 qun
482 2394 724 2464 Sanslrr'tudicitur,
767 2397 889 2450 Imitatus
904 2409 942 2448 est
950 2396 1035 2448 Tacit.
1047 2394 1147 2448 Hister.
1163 2411 1203 2456 xv,
1222 2391 1272 2446 15:

215 2469 337 2524 inveniri.
352 2471 425 2538 Quid
436 2475 534 2526 mirum
550 2475 609 2528 siin
619 2477 724 2547 longin-
771 2503 783 2523 ι
795 2473 863 2530 Dein
879 2494 956 2546 vagor
967 2487 993 2528 et
1006 2473 1077 2544 pacis
1088 2469 1170 2526 modo
1178 2471 1272 2526 ertum

214 2570 267 2622 qua
289 2552 334 2604 illa
354 2553 511 2624 migratione
531 2567 618 2624 partes
631 2556 724 2626 eliquia
767 2557 1086 2627 lixas,negotiatoresque
1101 2571 1224 2606 rornnnoe
1233 2551 1273 2604 in·

215 2632 354 2684 nationum
362 2633 418 2684 elin
428 2634 725 2690 alibiconstiterintl*
767 2633 903 2688 vadunt·
930 2637 969 2687 De
986 2631 1139 2705 Cyzicenis·
1155 2631 1273 2686 ”150¹ss

221 2711 305 2763 Tauri.
327 2711 450 2782 Scythica
467 2732 548 2784 gena,
566 2711 637 2766 unde
654 2713 725 2770 dicta
768 2713 923 2770 Mithridate
939 2713 1093 2776 obsidione,
1106 2711 1276 2782 intelligitDe

217 2790 398 2844 Chersonesus
418 2791 545 2857 Taurica,
573 2811 632 2864 qun
653 2813 725 2853 nunc
768 2796 814 2848 Br.
829 2797 937 2858 rinell-

218 2868 411 2922 Crime'e.Schol.
425 2871 485 2923 Juv.
501 2872 553 2924 Sat.
563 2891 612 2925 xv:
630 2873 726 2926 «Juxta
810 2891 853 2944 71.
873 2875 935 2943 Quoe
949 2874 1054 2943 mapalia
1066 2883 1136 2928 stent,
1146 2883 1197 2924 etc.
1209 2871 1275 2923 Nar·

216 2949 335 3000 lllaeotim
360 2947 484 3018 paludem
513 2951 620 3006 Taurici
650 2966 725 3020 aunt,
769 2967 809 3006 rat
823 2953 979 3006 Plutarchus
995 2953 1023 3004 in
1040 2952 1171 3012 Sertorio,
1184 2950 1274 3012 illum,

217 3046 333 3098 quorum
348 3029 615 3085 rex'rhoaudvenn
630 3032 725 3086 immo·
769 3031 959 3088 neollenderet
967 3032 1146 3103 Hispanorum
1162 3031 1275 3093 animos,

216 3107 271 3160 lare
288 3123 473 3176 consueverat,
488 3129 570 3181 risque
583 3111 611 3164 in
627 3110 725 3166 adven·
770 3113 914 3168 exereitum
930 3115 957 3168 in
965 3112 1122 3166 suburbanis
1131 3109 1277 3180 mapalibus

217 3201 276 3240 tum
297 3187 397 3242 Orestia
424 3202 451 3242 et
476 3189 606 3262 Pyladist
628 3194 726 3264 quibus
770 3189 1161 3263 collocavissetelequerebic
1175 3190 1216 3259 agi
1226 3207 1275 3260 pn·

219 3267 313 3339 agnitis
327 3269 549 3343 Iphigenia‚quae
564 3285 621 3325 erat
634 3275 726 3345 templi
770 3273 934 3326 urcorriur.
1112 3299 1144 3312 ··

217 3346 356 3414 sacerdon,
369 3349 455 3403 ablato
463 3349 526 3404 inde
535 3351 625 3406 Diana
636 3353 724 3426 signo,
811 3371 859 3422 7²·
875 3353 955 3406 Onera
962 3357 1060 3406 tium'rut
1070 3348 1274 3404 irtoertlseeudw·

218 3427 420 3500 anfugit‚idquc
429 3432 523 3485 Ariciae
535 3435 722 3486 consecravit·
770 3433 868 3486 Turres
875 3432 989 3495 naribus
999 3429 1134 3506 impositae
1140 3427 1277 3499 Cytioenit

258 3512 305 3576 ⁶9.
325 3509 427 3579 Triplici
429 3511 520 3577 fluctu
543 3511 635 3565 Groece
647 3533 726 3584 τρικυ-
770 3513 855 3564 muris
862 3511 1028 3574 admoverat,
1042 3528 1127 3580 quum
1137 3508 1225 3560 subito
1236 3525 1278 3559 co·

220 3588 274 3658 μῖᾳ.
291 3585 391 3640 Eodem
406 3589 457 3643 hoo
472 3593 553 3644 refert
568 3592 608 3644 De
618 3592 662 3646 Br.
677 3609 726 3659 nt,
770 3603 828 3646 orta
846 3601 985 3663 teumestat
1001 3607 1106 3644 ornnem
1123 3599 1276 3659 apparatuum

220 3687 273 3735 90,
285 3685 338 3738 quo
347 3687 426 3740 cupre
437 3689 464 3722 n.
475 3671 726 3744 37,crebritatefluc·
770 3671 840 3726 ludo
853 3673 991 3743 naufragio
1004 3668 1171 3724 disturbavit.
1177 3663 1278 3720 Eodem

221 3759 300 3808 rurum·
315 3748 415 3802 scilicet
428 3747 461 3800 ad
476 3749 580 3802 Pontici
594 3752 673 3806 maria
684 3749 728 3804 de·
770 3753 885 3824 pertinet
901 3753 992 3823 fragm.
1011 3769 1040 3804 n.
1057 3745 1278 3814 at‚lib.1ss,et

220 3827 411 3898 scriptionem,
431 3831 506 3900 cujus
532 3827 604 3882 undu
628 3831 727 3886 crebris
769 3831 816 3886 lib.
829 3831 988 3898 1V‚initio:
1002 3831 1122 3901 irrpbrite
1132 3839 1196 3880 retes
1212 3825 1278 3876 nasei·

222 3905 391 3979 abruptisque
401 3907 534 3974 fluctibus,
541 3921 651 3980 propter
657 3911 727 3964 rnul-
771 3915 843 3964 surh
851 3911 1016 3982 prohibebunt.
1023 3907 1094 3964 Vide
1102 3907 1174 3960 Plnt.
1186 3906 1215 3956 in
1225 3905 1277 3956 lar·

221 3997 248 4036 ta
262 3985 344 4052 vada,
359 4001 462 4047 aestuet,
479 4001 505 4042 et
524 3988 603 4044 reru'o
622 4008 728 4063 qnoque
771 3991 1020 4046 crille-aduncatis⁸
1035 3985 1236 4042 vacillantibus
1275 4063 1278 4071 Ι

222 4063 306 4121 fluctu
320 4067 501 4124 vehementior
512 4069 632 4140 insurgit.
783 4107 786 4118 .
812 4073 857 4140 73.
884 4073 980 4140 Frigora
995 4075 1023 4124 in
1044 4069 1179 4139 leniaque
1197 4080 1279 4118 nucem
