2938 4654
564 402 583 468 J
591 400 857 470 UGURTHA.
1152 398 1222 472 301

166 545 200 600 et
220 530 319 600 simul
343 533 471 602 bostem
494 535 666 602 tormentis
689 535 927 628 sagittariisque
949 547 982 601 et
1009 531 1230 604 funditoribus

168 640 295 707 eminus
308 653 441 708 terrere.
459 640 501 708 At
514 639 667 710 Numidae
686 665 771 735 saepe
786 654 883 708 antea
897 641 1000 708 vineis
1017 663 1231 709 romanorum

168 745 352 831 subversis,
367 747 444 814 item
467 747 623 832 incensis,
642 770 710 814 non
729 744 853 815 castelli
875 747 1038 814 moenibus
1057 771 1126 814 sese
1144 761 1231 816 tuta·

167 849 308 939 bantur;
323 851 381 920 sed
398 877 460 946 pro
474 877 571 920 muro
590 852 658 920 dies
680 866 860 946 noctesque
878 853 1020 945 agitare,
1034 851 1232 921 maledicere

167 958 341 1043 Romanis,
354 982 393 1027 ac
410 958 718 1037 Mariovecordiam
738 957 919 1050 objectare,
937 956 1094 1027 militibus
1112 960 1232 1028 nostris
1295 1044 1300 1049 ·

167 1063 339 1158 Jugunhae
357 1050 543 1134 servitium⁵
561 1065 696 1150 minari,
711 1063 862 1134 secundis
885 1063 982 1131 rebus
1004 1063 1130 1134 feroces
1151 1055 1229 1133 esse.

168 1170 305 1241 Interim
330 1171 482 1240 omnibus
510 1173 669 1240 Romanis
693 1170 908 1264 hostibusque
936 1169 1048 1264 praelio
1077 1171 1232 1256 intentis,

168 1299 290 1370 magna
306 1277 471 1370 utrimque
486 1279 520 1346 vi
537 1303 598 1372 pro
616 1277 719 1372 gloria
734 1292 833 1370 atque
852 1277 990 1370 imperio
1012 1275 1080 1363 his,
1094 1275 1155 1344 illis
1170 1301 1231 1371 pro

169 1379 274 1450 salute
295 1383 515 1467 certantibus,
530 1398 665 1479 repente
675 1407 695 1451 a
707 1397 801 1478 tergo
814 1385 906 1476 signa
922 1405 1041 1451 canere
1053 1407 1060 1449 :
1072 1407 1110 1451 ae
1124 1384 1232 1476 primo

169 1485 324 1557 mulieres
337 1503 371 1557 et
379 1491 491 1583 pueri,
503 1491 559 1584 qui
570 1491 677 1558 visum
693 1473 951 1584 processerant⁶,
961 1488 1090 1584 lugere,
1100 1487 1232 1575 deinde,

168 1595 218 1662 uti
237 1595 374 1688 quisque
389 1620 485 1664 muro
504 1621 685 1690 proxumus
698 1610 786 1683 erat,
800 1609 970 1690 postremo
985 1597 1097 1664 cuncti
1114 1597 1235 1664 armati

168 1701 385 1794 inermesque.
409 1702 510 1790 Quod
528 1703 584 1771 ubi
606 1701 794 1790 accidit;eo
807 1703 915 1770 acrius
933 1703 1075 1770 Romani
1098 1705 1235 1790 instare,
1322 1727 1323 1730 ¹

92 1888 98 1900 .
171 1803 331 1894 fundere,
352 1831 390 1876 ae
408 1807 581 1903 plerosque
603 1807 834 1877 tantummodo
857 1809 1024 1897 sauciare;
1045 1807 1120 1877 dein
1137 1833 1235 1904 super

170 1913 358 1984 occisorum
372 1939 511 2009 corpora
526 1914 647 1984 vadere
657 1913 768 2004 ,avidi
782 1913 910 2008 gloriae,
926 1929 1089 1984 certantes
1102 1940 1234 1983 murum

173 2116 236 2180 um,
245 2116 309 2168 tecti
322 2115 448 2188 simplicis
464 2117 493 2169 in
506 2135 623 2184 morem,
635 2115 682 2168 de·
726 2112 844 2187 pedites,
858 2115 913 2182 illi,
928 2116 973 2186 qui
987 2115 1108 2186 oblongis
1122 2127 1236 2168 utuntur

171 2209 314 2249 crescente.
332 2197 435 2262 Causa,
455 2208 485 2248 ut
500 2197 550 2249 tela
569 2195 683 2267 desuper
726 2194 1237 2267 scutis,inextremispartibuspromu·

173 2277 270 2346 injecta
283 2293 332 2354 per
346 2277 465 2348 proclive
480 2277 683 2343 laberentur,et
726 2293 757 2326 ro
777 2286 934 2346 ponuntur,
954 2287 980 2326 et
995 2273 1111 2346 reliquos
1126 2293 1236 2341 omnes,

173 2355 263 2408 minus
277 2353 392 2409 insidere
406 2369 514 2428 possent
536 2367 581 2409 aut
596 2355 681 2426 infigi.
727 2353 779 2426 ipsi
792 2365 863 2406 extra
872 2365 1031 2425 spectantes,
1044 2354 1173 2407 ambiunt.
1184 2355 1235 2407 Ce-

173 2433 250 2506 Sarpe
264 2435 344 2488 etiam
358 2436 452 2489 manati
464 2453 544 2508 super
555 2436 623 2488 hanc
635 2449 684 2488 tes·
727 2434 777 2486 teri
790 2473 798 2498 ,
813 2435 860 2504 qui
878 2433 972 2486 latiora
992 2447 1063 2486 scuta
1083 2447 1196 2505 gerunt,
1207 2435 1235 2486 in

174 2513 298 2567 tudinem
320 2514 496 2579 scandebant,
512 2517 602 2587 sicque
620 2533 683 2586 pro·
722 2511 1236 2584 tnediodensiloeantur,etscutsquum

174 2596 367 2666 pugnatoribus
378 2597 462 2660 muri,
474 2595 578 2666 fastigio
594 2594 684 2647 altitu·
728 2611 859 2664 superse,
871 2606 1015 2665 tumsuper
1024 2594 1089 2651 alios
1097 2594 1235 2658 attollunt,

174 2672 683 2746 dinis,³quabantur.Vid.Liv.xxx1v,
728 2673 802 2724 utin
823 2685 880 2725 tota
898 2673 1027 2746 phalange
1044 2692 1098 2726 non
1114 2671 1187 2726 aliud
1203 2673 1237 2726 sit

179 2755 234 2822 395
249 2754 334 2807 Tacit.
352 2753 421 2807 Hist.
436 2771 488 2822 nr,
505 2755 550 2807 se.
565 2751 684 2807 Testudo
728 2770 808 2823 quam
824 2765 900 2805 scuta
914 2771 1036 2818 cernere,
1052 2766 1078 2806 et
1093 2772 1107 2805 a
1123 2754 1238 2806 telorum

176 2833 258 2886 altera
267 2835 432 2906 repugnando
443 2846 495 2900 est,
507 2851 590 2905 mum
602 2833 684 2904 globo
726 2835 799 2902 jactu
813 2851 905 2886 omnes
917 2845 990 2886 tutos
1005 2825 1079 2898 esse,
1100 2833 1135 2885 ob
1149 2831 1238 2886 densi·

176 2913 247 2966 lacto
262 2926 289 2966 et
304 2913 366 2966 teeti
382 2913 482 2979 scutis,
504 2914 541 2966 sie
562 2912 685 2965 hostilem
729 2924 808 2964 tatem
816 2911 1066 2977 instructionis,etc.
1075 2913 1176 2966 Similia
1183 2913 1237 2965 fere

176 2993 260 3046 ιοίειη
275 2991 400 3046 invadere
414 3005 441 3045 et
454 3011 628 3064 perrumpere
640 3011 686 3045 oo·
729 3005 819 3044 narrat
826 2991 959 3045 Plutarch.
968 2993 995 3044 in
1003 2994 1175 3046 AntonioDe
1182 3005 1238 3046 tota

177 3073 318 3125 nabmtur.
328 3071 400 3126 Vide
408 3073 503 3126 Cesar.
514 3073 544 3125 Β.
553 3072 587 3126 G.
596 3089 621 3138 t,
633 3078 686 3137 sd,
730 3070 900 3142 bacreplura
909 3069 970 3125 vide
980 3091 1021 3143 ap.
1036 3073 1109 3144 Lips.
1124 3073 1237 3125 Poliorc.

180 3153 233 3216 523
243 3163 340 3205 noemae
355 3151 397 3205 ed.
412 3153 464 3204 rol.
481 3169 507 3218 t,
517 3171 544 3223 p.
555 3154 590 3205 30
602 3164 629 3204 et
639 3156 686 3214 64.
730 3167 756 3216 1,
769 3151 795 3216 5,
803 3150 875 3204 unde
884 3152 939 3205 bec
947 3153 1002 3204 lere
1013 3150 1136 3224 decerpta
1147 3166 1218 3205 sunt.

176 3233 246 3285 Item
260 3231 332 3284 Flor.
347 3249 397 3297 ιιι,
413 3249 468 3284 to:
485 3257 496 3279 ι
513 3231 595 3284 Elatis
607 3249 688 3302 super
773 3230 1239 3300 5.ltagrsrtlsoeservitium.Servitutern

177 3323 259 3384 caput
280 3312 377 3375 scutis,
398 3329 482 3383 quum
507 3329 534 3364 se
556 3309 688 3364 testudine
731 3307 802 3382 apud
815 3309 982 3380 Jugurthsm.
995 3309 1098 3363 Eodem
1107 3309 1240 3382 modoge·

177 3391 308 3444 barbarus
316 3403 427 3462 tegeret,
438 3409 518 3464 super
527 3390 583 3462 ipsa
594 3392 689 3443 Roma·
732 3389 831 3441 nitivus
849 3403 993 3462 usurpatur
1009 3390 1038 3442 in
1050 3391 1102 3444 boc
1117 3389 1240 3454 Phoedri,

178 3472 209 3524 rai
219 3483 292 3524 scuta
301 3472 435 3525 salierunt.
449 3497 461 3519 ι
474 3471 564 3524 Tertia
573 3469 689 3541 denique
732 3485 772 3535 rr,
786 3471 802 3522 8
816 3485 822 3520 :
840 3495 851 3515 ι
866 3469 967 3522 Cervus
981 3471 1127 3522 nemorosis
1143 3471 1239 3523 excita·

180 3556 206 3602 us
223 3551 400 3622 aprugnum
420 3569 506 3623 quum
520 3550 554 3604 ab
572 3549 689 3618 hqstium
733 3561 775 3600 tus
789 3547 925 3612 latibulis,
941 3561 971 3600 ut
985 3561 1126 3601 venatorum
1140 3551 1242 3622 lugeret

179 3631 300 3702 equitatu
322 3643 368 3684 aut
388 3630 441 3683 levi
461 3643 594 3684 amatura
609 3629 690 3682 cincti
733 3629 875 3681 instantem
890 3647 984 3690 necem
997 3655 1008 3676 ι
1024 3629 1041 3681 i.
1055 3649 1077 3682 e.
1092 3647 1183 3682 necem
1200 3631 1241 3681 in·

180 3710 209 3762 in
228 3710 322 3762 orbem
341 3728 372 3764 se
384 3711 548 3764 muniebant.
572 3710 616 3762 ste
635 3709 691 3761 lere
734 3719 846 3761 stantem
858 3727 874 3761 a
888 3709 1066 3762 venatoribus.

181 3789 234 3841 Dio
246 3789 351 3844 Cassius
362 3787 501 3862 descripsit
513 3791 541 3842 in
553 3790 591 3842 M.
606 3792 691 3841 Anto·
776 3791 803 3841 6.
821 3789 873 3857 Qui
885 3793 964 3841 vuum
974 3801 1145 3861 processerant.
1158 3789 1212 3854 Qui
1228 3809 1243 3842 e

180 3869 222 3920 nii
233 3869 328 3938 rebus,
343 3887 405 3922 xmx
416 3887 423 3922 :
436 3867 650 3942 impedimentis,
665 3879 692 3920 et
735 3868 819 3920 muris
825 3868 1164 3942 exierant,prseliumvisuri
1170 3869 1244 3941 quod

181 3947 234 4000 levi
254 3961 404 4014 matura,
419 3961 446 4002 et
466 3949 555 4021 equite
572 3949 647 4001 omni
662 3949 690 4000 in
739 3965 800 4000 eum
809 3948 896 4002 Mario
908 3951 1130 4003 committebatur.
1141 3981 1179 3992 -
1194 3949 1245 4002 Fu·

184 4025 304 4081 medium
319 4029 445 4098 acceptis,
459 4029 546 4099 gravis
557 4041 696 4080 armature
739 4045 802 4096 gare.
823 4027 864 4080 Sc.
880 4029 949 4082 intra
963 4047 1062 4082 muros.
