2950 4646
228 415 302 462 ato
462 391 501 457 C.
529 385 716 456 CRISPI
744 382 1044 453 SALLUSTII

278 523 441 593 XXXIX.
470 519 536 590 Sed
554 520 611 588 ubi
629 543 668 587 ea
688 519 804 588 Romae
823 531 993 611 comperta
1011 527 1105 604 sunt3
1117 529 1224 586 metus
1243 533 1292 589 at·

226 657 291 726 que
315 654 439 700 moeror
464 627 632 698 civitatem
659 626 809 695 invasere
829 649 836 692 :
859 647 936 719 pars
961 621 1073 693 dolere
1098 649 1160 719 pro
1187 623 1293 719 gloria

225 739 378 833 imperii:
397 759 474 832 pars
494 731 626 804 insolita
643 757 755 802 rerum
775 729 967 803 bellicarum
989 732 1105 800 timere
1124 729 1291 801 libertati:

225 843 312 913 Aulo
330 868 445 913 omnes
463 841 588 926 infesti,
606 865 645 911 ac
664 864 835 928 maxume,
852 841 908 933 qui
927 836 1015 908 bello
1037 863 1123 934 saepe
1144 837 1293 933 praeclari

226 953 376 1035 fuerant3
400 949 490 1045 quod
513 962 660 1018 armatus
689 947 852 1017 dedecore
878 947 1014 1040 potius,
1040 969 1139 1041 quam
1170 970 1292 1035 manu,

225 1056 364 1128 salutem
382 1058 585 1152 quasiverat.
608 1055 665 1126 Ob
683 1079 722 1124 ea
740 1051 856 1124 consul
873 1050 1012 1124 Albinus
1029 1077 1069 1121 etr
1090 1051 1211 1122 delicto
1226 1053 1291 1122 fra·

225 1168 283 1234 tris
300 1163 482 1254 invidiam,
502 1187 540 1233 ac
560 1162 679 1232 deinde
700 1158 903 1258 periculum¹
925 1161 1064 1248 timens,
1082 1174 1233 1228 senatum
1251 1159 1292 1229 de

224 1271 348 1342 foedere
374 1267 605 1341 consulebat²:
629 1283 663 1338 et
686 1283 798 1338 tamen
820 1269 952 1337 interim
975 1267 1132 1336 exercitui
1156 1264 1292 1362 supple-

224 1394 373 1448 mentum
396 1379 555 1465 scribere,
577 1376 620 1445 ab
638 1377 734 1446 sociis
753 1387 787 1444 et
807 1374 943 1446 nomine
961 1357 1082 1443 Ιιιίιιο3
1097 1372 1219 1442 auxilia
1240 1397 1291 1441 ar·

224 1511 351 1555 cessere
358 1485 524 1578 ,denique
539 1431 645 1552 inodis
660 1482 815 1552 omnibus
830 1481 992 1550 festinare.
1010 1481 1177 1550 Senatus
1169 1495 1230 1567 tta,
1245 1481 1292 1548 uti

224 1617 285 1689 par
306 1577 443 1677 literat²,
466 1589 639 1676 decernit,
668 1613 728 1658 suo
756 1603 855 1682 atquc
877 1585 1027 1682 populi
1018 1587 1145 1682 injussu
1165 1534 1292 1655 nullum

224 1699 371 1794 potuisse
391 1695 498 1764 foedus
520 1694 600 1763 fieri.
627 1693 753 1765 Consul
771 1693 947 1789 impeditus
970 1718 990 1762 a
1010 1695 1153 1763 tribunis
1171 1691 1291 1812 plebis,

223 1831 284 1893 ne,
305 1827 386 1898 quas
410 1815 585 1896 paraverat
607 1802 742 1896 copias,
761 1827 873 1870 secum
896 1813 1063 1919 portaret,
1085 1801 1199 1894 paucis
1221 1799 1292 1868 die-

223 1911 315 1980 bus
306 1935 342 1977 rn
363 1907 510 1978 Africam
540 1907 783 2002 proficiscitur:
800 1931 878 1976 nam
902 1908 1009 1975 omnis
1032 1907 1219 1992 exercitus,
1244 1907 1292 1975 uti

224 2029 443 2102 convenerat,
460 2014 620 2086 Numidia
641 2013 852 2102 deductus,
844 2039 878 2082 m
899 2013 1073 2108 provincia
1084 1998 1292 2082 ⁵hiemabat.

159 2159 164 2170 ¹
224 2127 402 2218 Postquam
426 2145 466 2190 eo
491 2121 605 2209 venit,
627 2146 828 2251 quamquam
853 2121 1005 2216 persequi
1030 2120 1229 2215 Iugurtham
1261 2135 1293 2190 et

224 2231 349 2300 mederi
371 2228 523 2298 fraternae
544 2213 693 2298 invidiae⁶
712 2231 842 2297 animus
867 2225 1019 2310 ardebat,
1042 2227 1181 2322 cognitis
1205 2225 1292 2295 mili-

224 2338 330 2428 tibus,
344 2362 427 2431 quos
447 2349 567 2430 praeter
583 2335 715 2428 fugam,
729 2333 836 2404 soluto
858 2333 1029 2428 imperio⁷,
1045 2331 1178 2402 licentia
1195 2339 1292 2429 atque

266 2543 331 2595 Car.
339 2537 466 2590 XXXIX.
478 2555 501 2590 ι.
510 2536 627 2589 Invidiam
636 2555 665 2588 ac
673 2536 739 2588 dein-
782 2549 843 2602 tur,
857 2555 940 2610 qaum
950 2533 985 2588 de
995 2534 1126 2590 tradendo
1140 2537 1210 2589 Aulo
1221 2538 1293 2590 nulla

226 2619 400 2692 depericttlm
409 2615 509 2669 Odium
519 2616 616 2667 civium
626 2613 738 2680 ,deinde
782 2617 883 2668 mentio
899 2617 940 2669 sit.
959 2617 999 2668 De
1014 2615 1152 2688 l'oedil'rago
1164 2618 1216 2670 hoc
1230 2636 1293 2688 gen·

227 2699 428 2754 accusationem.
444 2696 567 2766 Quippe,¹
583 2710 666 2766 quum
682 2695 739 2765 ipae
782 2695 850 2748 tium
862 2697 936 2766 jure,
949 2695 1024 2767 quod
1035 2697 1085 2749 sibi
1097 2697 1211 2750 Romani
1226 2697 1293 2750 iece-

223 2781 339 2836 Romam
357 2773 445 2828 redire
466 2774 607 2840 testinans,
621 2775 739 2826 tratrem
781 2787 861 2839 rant,
875 2774 938 2828 ride
960 2777 1206 2847 praestantissimum
1227 2777 1293 2847 juris

227 2860 267 2913 rei
282 2856 402 2909 militaris
424 2855 546 2924 ignarum
561 2854 596 2922 ιμ’
612 2851 739 2910 Numidia
782 2868 929 2922 auctorem,
942 2856 1112 2928 ipsarumque
1124 2856 1241 2929 judicem
1256 2858 1293 2909 le·

228 2938 390 3009 reliquisset,
412 2933 575 3003 aliquatenus
590 2932 698 2986 affinem
712 2953 739 2985 se
781 2953 860 3005 gum,
883 2935 1065 3007 Montesqur'eu,
1078 2935 1175 2992 Grand.
1196 2949 1220 2988 et
1242 2939 1293 2990 De'·

228 3019 312 3090 culpae
324 3033 380 3067 non
395 3013 539 3086 ignorabat.
783 3014 837 3066 cad.
850 3015 891 3065 des
904 3015 1031 3077 nomem,
1048 3035 1087 3070 rr.

271 3117 297 3150 α.
319 3097 360 3146 De
372 3093 464 3162 soedere
480 3091 623 3146 coruulebut.
640 3093 682 3144 An
697 3111 739 3146 ιι·
826 3095 851 3146 5.
865 3095 895 3146 In
907 3100 1038 3166 provincia.
1049 3095 1154 3150 Scilicet
1167 3115 1294 3160 ιοιιιιιιι,

229 3191 288 3233 ιιιιιι
303 3173 370 3228 illud
389 3185 493 3228 senatus
506 3171 632 3238 baberet,
647 3189 739 3225 necne.
783 3172 817 3226 de
832 3193 883 3245 qua
898 3193 993 3247 supra,
1008 3176 1084 3230 XIX.

273 3259 299 3312 3.
313 3253 654 3310 Absoeiisetnominelatino.
670 3251 741 3304 Socii
825 3257 852 3306 6.
873 3254 968 3307 Mederi
976 3256 1093 3321 fratem
1107 3255 1211 3308 t'ttvr'dioe.
1222 3257 1294 3309 Invi·

230 3349 292 3394 sunt
299 3337 396 3401 ltalrcr
406 3347 478 3387 extra
486 3333 592 3385 Latium
601 3333 740 3403 antiquum
784 3331 871 3398 diam,
880 3333 955 3386 fratri
969 3353 1017 3388 suo
1032 3335 1105 3408 turpi
1120 3355 1185 3408 pace
1200 3335 1295 3388 confla·

230 3419 322 3494 positi3
331 3414 565 3479 nomenlatmum,
575 3413 739 3466 suntLatini.
784 3425 852 3479 tam,
865 3414 984 3466 victoriis
1003 3427 1071 3468 etre
1089 3417 1242 3486 benegesta
1256 3416 1295 3468 le.-

273 3506 299 3563 4.
319 3499 434 3561 Senatus,
457 3499 494 3546 uti
510 3496 672 3564 persuetus,
695 3505 739 3546 ete.
784 3494 842 3546 nire
857 3493 1028 3547 vehementer
1042 3495 1174 3566 cupiebat.

231 3578 332 3633 Eadem
347 3594 443 3640 causa,
464 3573 506 3627 vel
526 3573 616 3644 potius
629 3571 741 3638 bande,
825 3591 851 3643 7.
872 3575 968 3625 Proeter
976 3576 1077 3646 fhpm,
1095 3576 1200 3626 soluto'
1190 3579 1293 3645 imperio.

232 3657 383 3713 Caudinum
401 3651 486 3708 scedas
506 3653 643 3706 rescissum
661 3647 739 3712 (Liv.
784 3653 904 3706 Licentia
919 3667 945 3706 et
959 3655 1067 3707 lascivia
1078 3667 1234 3727 corruperat
1249 3655 1296 3708 mi·

232 3734 440 3806 1x,ro);eadem
448 3733 651 3798 Numantinum,
658 3731 740 3794 (Flor.
782 3731 918 3798 lites,n0n
925 3735 1010 3786 solum
1026 3736 1087 3805 quia
1102 3736 1238 3806 fugerant,
1249 3733 1296 3787 sed

232 3841 273 3887 ιι,
292 3819 327 3872 ι8
340 3815 360 3881 ).
376 3823 411 3869 st
424 3813 516 3866 saltem
531 3825 558 3863 et
573 3811 741 3865 Numantinis
784 3814 845 3883 quia
856 3811 910 3866 dax
924 3811 1071 3886 disciplinas
1085 3815 1201 3867 habenas
1215 3815 1296 3867 remi-

231 3914 258 3956 et
281 3897 443 3951 Samnitibus
467 3903 586 3945 auctores
612 3890 742 3944 scedarum
784 3905 861 3946 serat.
875 3891 1297 3965 Fugaridelicetvelutintondi·

232 3979 301 4033 tradi
322 3981 433 4049 jusserat
453 3984 566 4026 senatus.
592 3971 670 4024 Nunc
684 3971 742 4025 haee
784 3985 838 4025 tam
852 3973 1051 4028 multitudinem
1064 3994 1116 4047 pro
1126 3976 1243 4028 exercitu
1258 3975 1295 4028 se·

231 4059 311 4113 etiam
323 4055 441 4110 ludibria
450 4051 514 4107 fidei
523 4051 660 4123 reliquisse
671 4050 750 4106 vide-
786 4066 871 4118 cerat;
884 4065 912 4107 et
924 4055 1035 4124 jugum,
1047 4053 1122 4127 quod
1144 4056 1296 4120 subierant,
