2938 4654
224 363 299 436 230
475 368 513 436 C.
542 367 718 436 CRISPI
747 365 1026 435 SALLUSTII

223 501 256 566 in
277 499 413 568 dextero
431 497 552 586 latere,
573 498 662 594 quod
682 523 881 594 proxumum
904 499 1016 568 hostes
1038 513 1127 584 erat,
1149 495 1291 592 triplici-

222 605 285 675 bus
303 605 455 675 subsidiis
473 607 578 675 aciem
600 608 754 676 instruxit
770 632 777 674 :
795 608 881 676 inter
899 603 1085 700 manipulos
1107 603 1293 674 funditores

222 726 256 780 et
279 714 465 806 sagittarios
492 713 673 808 dispertit:
696 715 881 810 equitatum
910 737 1043 782 omnem
1072 713 1107 781 in
1135 709 1295 780 cornibus

222 895 310 948 fronte
328 891 361 947 ad
382 892 506 950 dextrum
525 896 609 964 latus,
623 897 685 969 quia
701 897 734 950 ab
778 895 870 967 disque
890 897 1038 968 subjectum
1057 894 1207 957 devenerit,
1223 914 1292 948 uno·

221 975 314 1029 dextra
336 975 420 1029 hostis
441 989 512 1044 erat,
528 977 667 1031 convertit.
691 977 734 1030 sic
778 993 884 1048 quoque
896 977 1005 1029 homine
1017 993 1045 1029 se
1059 977 1088 1027 in
1102 975 1221 1029 dextrum
1234 995 1293 1030 rur·

222 1073 362 1109 conversos
384 1057 421 1109 ita
446 1057 568 1125 instruit,
586 1066 617 1110 ut
643 1073 735 1110 omnes
778 1056 1292 1124 trasconvertente,nonantanteiieret,

221 1136 318 1189 hastati
333 1135 418 1208 prima
438 1139 507 1192 acies
526 1151 627 1204 essent;
642 1157 734 1191 omnes
778 1135 852 1208 quod
864 1138 892 1189 in
902 1137 1016 1208 ,agmine
1033 1137 1102 1190 latus
1116 1149 1186 1203 eratr
1201 1137 1293 1208 sicque

220 1215 367 1288 principes,
380 1216 508 1284 secunda;
524 1237 615 1271 omnes
631 1218 733 1286 triarii,
778 1217 856 1269 simul
868 1215 979 1288 gradum
989 1217 1125 1283 sisterent,
1136 1217 1214 1268 simul
1224 1215 1294 1270 acies

222 1293 361 1362 tertia;(v,
372 1295 506 1368 Lipsium,
521 1297 555 1350 de
564 1299 642 1350 Milit.
656 1299 733 1350 Rom.
778 1295 811 1348 ad
833 1315 949 1370 pugnam
968 1297 1096 1350 instructa
1116 1297 1193 1348 foret.
1207 1297 1293 1348 -In

220 1391 248 1440 v,
265 1396 311 1442 rr,
326 1389 354 1428 et
369 1377 407 1429 ibi
422 1378 511 1430 locum
527 1371 657 1448 Polybii).
676 1377 734 1429 Hoc
777 1377 863 1428 dextro
879 1377 961 1445 lance.
976 1378 1094 1430 Carene
1108 1395 1169 1434 cum
1184 1375 1294 1447 quilius·

220 1467 259 1509 eat
281 1455 354 1528 quod
373 1470 450 1510 vocat
473 1458 604 1528 trutlicibus
623 1457 736 1510 schemis
777 1455 840 1509 dam
851 1456 903 1509 hoc
914 1456 1060 1528 intelligas,
1070 1459 1086 1508 ci
1095 1457 1194 1510 tentiis
1204 1457 1289 1509 done.

219 1531 231 1597 (
237 1556 280 1588 sur
295 1539 353 1588 troc's
366 1531 468 1605 lignes).
778 1537 846 1589 Nam
853 1535 1000 1590 incedentis
1007 1535 1094 1590 adhuc
1101 1536 1229 1590 exercitus
1235 1553 1291 1588 non

261 1616 391 1668 Praeterea
403 1616 469 1668 levis
484 1629 623 1668 armatura
638 1617 734 1671 milites
777 1628 833 1668 erat
846 1614 969 1669 dextrum
988 1630 1015 1670 et
1032 1617 1168 1670 sinistrum
1184 1634 1292 1682 consu,

221 1695 250 1748 in
259 1693 457 1765 manipulorum
466 1696 624 1760 intervallis,
634 1697 735 1768 equites
777 1695 823 1748 sed
839 1694 963 1750 demum
971 1711 999 1751 et
1011 1697 1148 1751 sinistrum
1159 1693 1292 1759 ntrus(ie

220 1775 359 1846 partimin
371 1773 465 1828 dextro
477 1778 736 1841 comu,montisca·
769 1777 841 1847 stane
853 1777 919 1828 droit
929 1789 954 1830 et
964 1777 1063 1850 lesione
1074 1773 1200 1848 gamit).
1214 1777 1292 1830 Tunc

221 1873 316 1908 cumen
332 1873 438 1920 tersus,
454 1856 551 1928 partim
570 1857 598 1908 in
613 1857 734 1925 sinistro,
777 1854 885 1910 demum
908 1877 998 1909 cornua
1023 1877 1070 1911 seu
1100 1859 1147 1910 alca
1167 1857 1292 1921 fuerunt,

220 1935 336 2006 propius¹
345 1936 499 2007 planitiem,
515 1937 635 1990 collocat.
652 1939 735 1990 Deni·
776 1949 917 2010 postquam
930 1938 1053 1992 Metellus
1064 1938 1146 1991 aciem
1158 1937 1187 1990 in
1201 1949 1294 1990 monte

222 2034 274 2086 que
289 2015 326 2068 sic
338 2017 420 2070 aciem
435 2017 557 2085 instruit,
570 2012 648 2089 'quasi
662 2019 734 2074 illico
777 2017 944 2072 iniunxerat.
960 2019 1030 2070 Tum
1046 2036 1169 2090 qnoque,
1183 2031 1215 2070 ut
1229 2035 1291 2070 mox

219 2093 395 2167 pugnandum
410 2097 495 2164 soret,
512 2098 652 2170 hostesque
663 2118 679 2152 e
691 2111 734 2153 ‘re-
776 2097 928 2165 videbitur,
944 2111 971 2150 et
983 2114 1088 2152 necesse
1102 2109 1173 2163 erat,
1188 2097 1293 2169 agmine

219 2176 299 2246 glane
309 2177 431 2230 instructi
440 2190 534 2232 essent.
544 2178 624 2245 Mox,
635 2191 666 2234 ut
676 2199 735 2234 rur·
778 2182 916 2231 nantuensis
926 2181 1052 2249 principiis
1060 2176 1200 2232 incedente
1212 2172 1292 2240 (datu

221 2273 264 2308 sus
269 2255 397 2327 procedat
403 2277 509 2328 agmen,
517 2277 734 2332 unumquemque
778 2279 823 2310 une
834 2260 927 2311 ηιιιιτΙιο
938 2259 1044 2330 destruc
1053 2253 1076 2320 i,
1087 2257 1223 2311 sinistrum
1235 2277 1292 2310 cor·

219 2336 333 2388 militem
349 2335 382 2390 ad
399 2338 491 2392 lteram
510 2340 629 2392 converti
642 2341 734 2409 jubet,
777 2357 813 2390 ua
833 2339 951 2411 primum
966 2357 1059 2410 agmen
1078 2339 1186 2391 fuit—
1199 2337 1290 2408 Tapt-

218 2415 410 2489 planitiemque
427 2427 553 2488 spectare.
573 2420 617 2472 Ita
634 2420 734 2476 exerci-
777 2419 841 2470 sibus
855 2419 975 2472 subsidiis.
995 2419 1034 2470 Ut
1047 2436 1102 2470 non
1118 2418 1223 2471 muccis
1239 2417 1291 2470 hoc

220 2493 733 2568 tusomnisnripliciagmineincedens,
776 2498 902 2570 intelligi,
922 2511 965 2550 sur
989 2501 1047 2549 truie
1073 2498 1166 2567 lignes,
1184 2495 1291 2550 attende

219 2589 311 2629 monte
329 2575 503 2648 degreditur:
519 2578 555 2630 ita
574 2578 654 2632 etium
673 2597 733 2650 qne
775 2578 825 2630 hac
846 2577 963 2631 dictione
983 2577 1144 2649 positionem
1163 2575 1289 2630 ordinum

219 2655 294 2708 frons
309 2670 365 2710 erat
387 2657 478 2710 stantis
501 2668 527 2710 ct
546 2658 620 2727 quasi
633 2657 666 2710 ad
681 2678 733 2730 pn·
776 2658 846 2710 inter
859 2677 901 2725 se,
918 2671 1047 2729 quatenns
1059 2658 1124 2712 ulter
1138 2657 1214 2711 alteri
1225 2675 1288 2728 pos-

218 2749 299 2804 flnnm
316 2737 439 2788 instructi
453 2736 598 2802 exercitus,
610 2736 737 2791 inceden·.
775 2737 857 2790 terior
872 2752 924 2804 est,
940 2737 992 2791 hoc
1003 2739 1062 2790 loco
1080 2735 1209 2802 iudicari;
1221 2737 1291 2789 sicut

219 2813 253 2864 tis
272 2813 340 2866 latus
358 2814 397 2866 iit.
416 2813 481 2867 Ideo
503 2813 570 2868 dixit
592 2823 733 2871 trarncorsir
775 2835 836 2874 mox
852 2813 899 2880 (in
921 2821 1062 2870 tmrnuorsis
1077 2819 1202 2888 principiis
1215 2813 1290 2880 )vu1

216 2896 350 2964 principiis.
361 2893 395 2946 Et
408 2893 530 2964 quidem,
540 2909 569 2948 ut
580 2897 659 2967 paulo
672 2911 732 2951 ante
769 2901 892 2968 princicic
905 2897 1060 2952 eorumdem
1074 2897 1236 2968 positionem
1249 2897 1291 2948 in·

220 2971 326 3024 subsidua
339 2969 407 3044 (qna
425 2993 489 3027 voce
509 2975 589 3045 vulgo
608 2988 731 3044 notatur,
774 2975 860 3044 dicat,
876 2991 1006 3052 quatenns
1021 2977 1092 3032 tosti
1109 2977 1225 3031 frontem
1239 2977 1289 3029 ob·

220 3051 293 3122 qnod
307 3064 346 3106 est
360 3066 420 3122 post
434 3053 549 3124 primam
564 3053 680 3124 aciem),
694 3059 732 3111 sio
773 3071 876 3112 vertere
892 3057 1038 3129 finguntur·

219 3130 337 3186 hocloco
343 3131 480 3204 principia(
489 3136 661 3206 quaproprie
670 3150 732 3192 sunt
814 3139 846 3190 ln
861 3137 910 3191 hac
924 3136 1089 3192 difficillima
1102 3137 1142 3190 rel
1157 3137 1290 3208 interpre-

219 3211 307 3282 prima
322 3209 406 3276 acies)
422 3233 477 3266 non
492 3215 584 3268 stricto
599 3234 730 3270 murnac-
772 3219 874 3270 tatione
902 3218 1008 3288 sequuti
1029 3235 1139 3279 sumus,
1160 3215 1235 3287 quod
1255 3214 1289 3269 ad

219 3291 273 3362 cipi
290 3291 396 3348 debent.
416 3295 476 3346 imo
491 3309 574 3366 quum
593 3301 732 3350 transversis
772 3316 830 3350 rem
848 3297 970 3350 bellicam
985 3297 1094 3362 attinet,
1108 3294 1289 3349 doctissimam

215 3375 341 3443 principiis
352 3392 445 3446 agmen
459 3373 572 3443 incedit,
584 3389 641 3430 tum
654 3377 732 3431 intel·
772 3375 983 3441 adnotationem,
998 3395 1079 3448 qnam
1091 3374 1125 3429 ad
1141 3395 1220 3428 usum
1236 3377 1290 3447 gal·

216 3450 353 3522 ligendum
363 3467 402 3508 est
412 3473 427 3508 a
439 3457 527 3508 fronte
540 3455 573 3508 ad
585 3457 731 3511 luvamob·
771 3456 817 3509 lici
826 3457 978 3527 interpretis
991 3457 1032 3508 De
1040 3457 1140 3510 Brosset
1150 3456 1287 3527 couscrip-

218 3533 286 3585 verti
304 3551 359 3588 non
379 3535 493 3606 primam
511 3547 614 3588 tantum
631 3538 729 3602 aciem,
772 3536 866 3590 sitris
888 3536 1061 3602 fortissimus,
1075 3549 1102 3588 et
1121 3535 1150 3590 in
1170 3553 1288 3588 romams

218 3611 263 3664 sed
282 3613 424 3668 secundam
443 3633 550 3686 quoque
565 3627 591 3668 et
609 3617 729 3683 tertiam,
771 3616 873 3670 militine
893 3617 1022 3683 historia,
1038 3629 1068 3669 ut
1087 3615 1134 3687 qui
1155 3616 1288 3681 maxime,

218 3703 310 3762 atque,
325 3705 355 3746 ut
368 3695 460 3764 gallico
475 3710 596 3748 sermone
611 3715 668 3748 rem
684 3715 729 3749 er·
771 3709 903 3763 versatus,
916 3697 955 3750 tt
972 3697 994 3749 ie
1010 3697 1143 3748 lientencut
1153 3695 1246 3748 wione!
1256 3697 1289 3748 de

217 3789 332 3842 ponam,
347 3773 408 3826 driu
422 3783 481 3828 cette
496 3775 590 3826 marcis
612 3776 642 3828 de
648 3777 726 3846 flaua
771 3777 877 3847 dragous
889 3777 985 3830 Cortois
995 3777 1025 3828 de
1038 3775 1199 3829 Citamciiies.
1210 3775 1289 3829 Ceto·

218 3851 252 3902 les
268 3872 342 3922 curig:
359 3854 498 3906 deviennent
503 3852 569 3924 filet.
586 3854 649 3907 Hac
664 3875 729 3910 vcro
770 3875 831 3910 rum
842 3855 916 3930 quod
928 3855 1058 3923 diximus,
1068 3855 1166 3910 milites
1177 3856 1206 3908 in
1218 3857 1287 3926 ejus-

217 3933 307 3985 omnia
320 3933 358 3986 sic
371 3932 534 4006 disponiteo
549 3935 728 4004 consilio,ut,
771 3935 845 3991 modi
870 3937 973 4009 agmine
994 3955 1067 3988 nunc
1092 3935 1127 3989 ad
1148 3935 1285 4001 dextram,

216 4025 358 4082 postquam
370 4013 399 4068 in
413 4033 537 4086 campum
555 4016 617 4072 cotti
632 4017 729 4074 Numi·
771 4036 843 4072 nunc
858 4015 892 4072 ad
912 4017 1063 4084 sinitram,
1077 4017 1125 4070 ubi
1139 4014 1208 4088 quid
1221 4016 1284 4069 hos·
