2950 4648
185 346 259 436 490
497 341 565 408 AD
593 339 632 408 C.
661 337 920 407 CAESAREM

181 473 321 542 vastatio
356 471 540 556 domuum,
570 484 645 538 ante
669 484 798 564 partam
824 493 843 536 a
865 484 896 536 te.
925 467 1097 536 victoriam
1127 471 1241 538 omnia

183 603 269 648 saeva
291 591 388 671 atque
406 576 550 645 crudelia
567 571 683 645 erant!
704 575 756 645 Ad
776 601 848 670 quae
869 589 901 643 te
921 572 966 642 illi
987 574 1083 642 iidem
1102 575 1240 644 hortan-

183 699 268 752 tur:
294 683 416 752 seilicet
436 683 470 752 id
495 697 656 753 certatum
676 668 776 770 esse³,
800 683 905 751 utrius
930 695 1076 750 vestrum
1099 682 1238 751 arbitrio

182 790 308 882 injuriae
328 789 463 876 fierent3
484 815 591 884 neque
618 805 804 885 receptam,
826 788 883 858 sed
905 802 1034 883 captam
1055 812 1075 856 a
1101 803 1133 856 te
1151 814 1235 856 rem·

183 895 367 990 publicam;
381 911 460 966 etea
470 921 583 966 caussa
597 898 772 983 exercitus,
787 895 954 990 stipendiis
963 895 1119 964 consectis
1128 949 1137 982 ,
1146 909 1239 989 optu-

183 1027 254 1071 mos
268 1017 301 1070 et
314 1017 518 1072 veterrumos
529 1005 695 1090 omnium,
709 1002 886 1072 advorsum
899 1001 1015 1070 fratres
1022 1016 1237 1095 parentesque

182 1131 221 1177 ac
235 1107 354 1179 liberos
368 1112 467 1179 armis
485 1109 704 1198 contendere3
718 1123 756 1178 ut
773 1135 813 1178 ex
826 1107 937 1177 alienis
951 1105 1043 1176 malis
1060 1107 1236 1176 deterrumi

182 1212 337 1284 mortales
364 1219 471 1286 ventri
507 1232 605 1311 atque
629 1207 801 1312 probanda
826 1215 962 1283 lubidini
995 1229 1121 1284 sumtus
1146 1238 1235 1307 quae-

182 1336 313 1408 rerent,
336 1337 435 1417 atque
453 1338 561 1392 essent
575 1323 752 1419 opprobria
767 1323 932 1410 victoriae,
951 1345 1091 1415 quorum
1110 1319 1237 1414 flagitiis

183 1429 479 1498 commacularetur
495 1429 660 1500 bonorum
680 1427 760 1500 laus.
785 1431 901 1523 Neque
920 1429 1007 1496 enim
1026 1442 1058 1496 te
1074 1427 1238 1520 praetcrirc

182 1548 284 1626 puto,
309 1535 397 1628 quali
418 1537 555 1630 quisque
577 1525 714 1606 eorum⁴
739 1561 831 1605 more
854 1549 912 1602 aut
936 1533 1114 1622 modestia,
1140 1535 1237 1601 etiam

183 1649 254 1706 tum
273 1640 372 1709 dubia
388 1643 546 1732 victoria,
566 1667 634 1711 sese
657 1645 793 1738 gesserit
812 1667 819 1710 :
837 1665 968 1736 quoque
988 1639 1088 1709 modo
1113 1639 1147 1707 in
1165 1634 1239 1706 belli

183 1744 465 1847 administratione
483 1763 592 1818 scorta
611 1764 668 1818 aut
685 1749 836 1818 convivia
851 1749 1057 1818 exercuerint
1073 1743 1239 1826 nonnulli;

184 1876 324 1944 quorum
347 1869 424 1924 aetas
447 1881 489 1924 ne
507 1880 567 1951 per
589 1857 693 1927 otium
716 1856 848 1950 quidem
867 1853 948 1924 tales
969 1852 1155 1947 voluptates
1173 1851 1243 1919 sine

185 1955 346 2028 dedecore
364 1963 518 2058 attigerit.
537 1965 590 2033 De
601 1961 688 2032 bello
705 1963 782 2032 satis
797 1961 932 2030 dictum.

185 2175 246 2210 eum
256 2159 364 2226 Cortio,
373 2163 439 2230 sugo
455 2165 575 2215 insinuas.
591 2161 696 2216 Scilicet
739 2162 832 2214 liberos.
853 2161 893 2216 Ut
914 2159 945 2214 fit
967 2160 995 2212 in
1017 2158 1094 2212 bellis
1114 2155 1243 2210 civilibus.

187 2237 216 2288 in
230 2257 323 2311 magna
341 2240 533 2314 trepidatione,
546 2255 572 2295 et
586 2261 694 2315 percus·
738 2243 845 2313 Vulgo,
870 2242 915 2292 atti
939 2239 1041 2300 liberos,¹
1063 2237 1137 2290 nullo
1158 2251 1244 2288 sensu

187 2335 277 2370 sorum
291 2334 364 2374 metu
373 2325 523 2386 conterriti,
534 2327 604 2394 paeri
618 2327 643 2374 r'n
651 2342 696 2394 pa·
738 2321 856 2374 Gallicus
868 2319 997 2391 interpres
1008 2320 1118 2372 Beoaze'e
1125 2319 1179 2388 jam
1186 2333 1247 2386 pro·

187 2411 290 2462 rantum,
313 2405 420 2456 mulieres
437 2408 462 2455 r'n
481 2404 605 2456 liberarum
618 2406 695 2456 sinum
738 2402 828 2474 posuit
842 2421 871 2452 ac
884 2401 983 2462 liberem
999 2401 1148 2468 Rupertus,
1157 2413 1246 2466 paran-

181 2478 269 2546 sssffere
280 2481 373 2536 solent.
740 2495 818 2554 resque
830 2481 904 2546 aubi,
919 2480 978 2530 alibi
991 2479 1083 2530 liberos.
1100 2478 1179 2528 Forte
1191 2492 1246 2526 nou

230 2559 255 2611 3.
266 2559 510 2614 Scr'lr'cetidcertutum
516 2583 572 2615 esse.
583 2562 695 2633 Supple,
739 2559 882 2614 absurdum
898 2559 991 2624 suerit,
1003 2569 1171 2628 parentesque,
1189 2553 1248 2604 aust

188 2637 306 2699 uolentes,
322 2643 362 2692 vel
375 2642 547 2694 contendentes.
558 2673 599 2682 —
613 2641 697 2693 versus
740 2641 840 2702 liberos,
853 2641 933 2694 semel
947 2638 1050 2710 posito,
1064 2636 1144 2690 semel
1160 2647 1247 2686 autem

187 2729 301 2770 oestrum.
325 2720 445 2791 Pompeii
467 2739 500 2772 an
519 2721 637 2774 Caesaris.
656 2751 696 2762 -
740 2719 881 2774 subaudito
896 2719 963 2772 alebi.
980 2719 1059 2771 Certe
1072 2729 1151 2787 turpe
1172 2730 1247 2765 rnen-

189 2796 324 2864 deceptam.
345 2801 387 2850 Ab
403 2801 500 2869 injusta
515 2797 697 2852 dominatione
740 2799 805 2852 dum
820 2799 903 2853 deleri
912 2799 1038 2870 oportuit.
1049 2797 1118 2848 Nam
1127 2792 1247 2854 Curtius,

188 2873 411 2929 vindicatam...
426 2879 555 2930 Exercitus
574 2879 698 2948 stipendiis
741 2881 787 2951 qui
803 2881 848 2932 atii
861 2881 942 2932 refert
962 2875 995 2930 ad
1010 2876 1124 2936 milites,
1139 2889 1194 2924 ¹²⁰⁰
1207 2881 1247 2922 ⁸1·

188 2955 307 3019 consectis.
326 2957 473 3008 Veteranos
493 2957 602 3010 Caesaris
626 2975 699 3009 exer·
740 2949 1248 3022 tenditeosaccusatiaocasudesignari,

191 3032 388 3104 citus,quibus‚
397 3047 457 3105 post
468 3047 508 3088 tot
517 3036 654 3090 exhaustos
663 3035 697 3089 ad
740 3050 847 3110 opmmos
910 3048 1063 3088 aeternornm.

187 3111 335 3183 augendam
366 3115 558 3186 rempublicam
581 3115 697 3186 labores,
782 3124 809 3182 4.
833 3119 939 3190 Quasque
959 3134 1045 3168 eorum.
1068 3115 1100 3165 In
1124 3123 1181 3163 toto
1196 3109 1250 3162 lroc

189 3189 278 3245 debita
302 3193 376 3265 quies
399 3207 464 3248 erat.
485 3228 525 3240 --
541 3196 657 3268 Optumus
675 3209 699 3249 et
740 3197 799 3250 loco
812 3197 846 3250 de
859 3197 891 3250 iis
903 3197 1004 3268 agitur,
1017 3211 1084 3266 quos
1098 3209 1191 3262 supra,
1206 3189 1249 3253 11,

190 3285 334 3326 creterrumos
353 3278 464 3329 omniun.
491 3275 548 3330 Hoc
571 3277 697 3350 glossema
740 3298 769 3332 u.
788 3275 910 3344 3,di1it
928 3273 1065 3330 incastris
1084 3269 1248 3326 Caesarisre·

189 3365 265 3423 putat
281 3355 422 3428 Rupertus.
450 3355 511 3410 Non
538 3375 595 3430 ego.
618 3357 698 3425 Quod
741 3360 882 3425 mansisse,
901 3357 963 3429 quia
982 3355 1051 3408 nihil
1070 3352 1122 3404 illis
1141 3352 1250 3412 Romo,

187 3433 259 3485 enim
267 3435 407 3488 Caesariani
415 3437 511 3490 milites
520 3439 614 3509 optimi
625 3452 699 3492 erant
741 3441 777 3492 ob
792 3435 951 3501 creditores,
964 3448 1052 3488 tutum
1073 3445 1136 3486 erat.
1158 3429 1250 3482 Istius-

189 3525 216 3564 ct
227 3515 363 3567 veterrimi
382 3517 502 3570 omnium
521 3517 635 3570 militum
653 3538 698 3571 ro-
741 3509 1251 3572 modihominesvictoremadsaeritiam

189 3610 344 3660 manorum,
367 3615 397 3648 eo
420 3599 508 3650 minus
522 3595 594 3649 credi
610 3611 699 3670 potest
741 3599 891 3651 hortantur.
914 3596 1017 3662 Quibus
1033 3605 1104 3647 certe
1120 3607 1174 3643 non
1192 3605 1250 3642 cre·

170 3715 173 3722 .
190 3671 248 3723 illos
261 3675 337 3727 civile
349 3675 447 3729 bellum
455 3677 598 3748 incepisse,
615 3676 698 3730 utde-
742 3677 877 3744 dendum3
887 3689 965 3748 atque
976 3689 1007 3728 ut
1018 3675 1056 3727 illi
1069 3691 1121 3725 sure
1132 3666 1250 3723 ariditati

189 3751 290 3804 terrimi
309 3757 434 3810 mortales
454 3769 573 3810 ventrem
586 3757 698 3828 prolun·
742 3757 858 3830 praedam
879 3769 1017 3830 quierunt,
1034 3755 1069 3807 ita
1090 3769 1143 3806 suaa
1162 3747 1254 3820 glori&

113 3855 117 3864 ·
190 3827 303 3900 demque
318 3835 457 3890 libidinem
475 3837 568 3890 satiare
582 3850 697 3908 possent.
743 3837 829 3892 Caesar
842 3839 979 3891 consulere
1000 3834 1087 3888 debet.
1107 3829 1172 3884 Ideo
1186 3826 1253 3881 dixit

190 3907 261 3960 Nota
281 3915 476 3984 oppositionem
491 3919 635 3972 verborum
655 3937 698 3989 op·
743 3932 835 3972 auctor
854 3917 934 3971 initio
948 3936 1006 3988 cap·
1027 3916 1068 3966 111
1083 3933 1089 3964 ι
1104 3913 1145 3964 De
1163 3921 1187 3958 te
1201 3911 1254 3977 im

192 3998 267 4040 tumes
274 4003 301 4043 et
309 3993 659 4072 deterrumi.-Parentesque
670 4017 699 4050 ae
740 4001 863 4070 primum,
885 3997 949 4072 quod
968 4008 1087 4066 optumum
1105 3992 1177 4057 sactu
1199 3996 1250 4044 est,
