2950 4646
161 339 233 414 186
420 341 459 408 C
489 337 664 408 CRISPI
693 337 972 408 SALLUSTII

154 473 281 571 psalem
295 473 432 545 fratrem
442 498 576 547 meum:
589 472 665 544 dein
684 474 793 570 patrio
807 496 946 603 reguo
926 495 981 543 me
996 469 1129 567 expulit
1143 453 1226 564 Quo

156 607 237 652 sune
257 581 382 652 fuerint
402 595 523 652 nostrae
544 581 687 678 injurius,
709 578 790 652 nihil
809 581 852 652 ad
869 563 956 650 vos⁵.
979 581 1107 650 Verum
1137 603 1227 652 nune

153 704 302 760 vestrum
325 714 467 785 regnum
498 691 602 760 armis
627 703 750 760 tenet:
777 713 847 777 me,
875 709 973 784 quem
993 688 1226 784 imperatorem

88 821 95 830 ’
153 796 308 868 Numidis
337 799 515 900 posuistis,
543 795 693 868 clausum
724 795 882 867 obsidet:
909 795 1094 891 legatorum
1125 797 1228 870 verba

155 907 271 1025 quenti
289 893 425 995 fecerit,
444 903 594 1000 pericula
621 928 696 976 mea
722 902 900 976 declarant
928 902 1019 992 Quid
1042 901 1227 999 reliquum,

154 1011 218 1081 nisi
235 1013 285 1082 vis
307 1027 435 1102 vestro,
454 1037 522 1108 quo
539 1035 667 1084 moveri
660 1009 811 1107 possit?
822 1013 911 1082 Nam
930 1035 993 1107 ego
1011 1009 1146 1107 quidem
1164 1009 1229 1086 uel·

153 1103 239 1188 lem⁶
240 1131 306 1206 ‚et
326 1120 419 1210 haeu,
437 1145 511 1215 quae
538 1119 670 1208 scribo,
692 1133 726 1188 et
749 1117 806 1188 illu
832 1144 905 1214 quse
933 1132 1031 1188 antea
1055 1119 1090 1188 iu
1111 1131 1228 1200 senatu

150 1240 287 1322 questus
302 1252 393 1318 sum,
408 1251 494 1296 vana
508 1227 619 1298 forent
632 1227 760 1347 potius,
773 1249 874 1322 quum
892 1226 1024 1304 miserie
1038 1249 1113 1296 mea
1127 1223 1227 1296 fldem

150 1335 263 1404 verbis
292 1333 426 1406 fuceret.
454 1332 519 1403 Sed
551 1334 713 1480 quonium⁷
739 1357 779 1404 eo
806 1347 905 1403 uatus
935 1358 1027 1421 sum,
1046 1347 1085 1402 ut
1105 1335 1227 1428 lugur-

151 1440 218 1511 thae
239 1439 411 1513 scelerum·
424 1443 570 1512 ostentui
591 1439 734 1530 essem73
756 1462 825 1512 non
837 1441 907 1536 jam
925 1453 1094 1529 mortem,
1118 1464 1227 1535 neque

150 1571 333 1635 aerumnas,
343 1547 603 1620 tannimmodo
593 1549 718 1619 rmurici
733 1547 909 1644 imperium
925 1562 960 1618 et
974 1549 1139 1619 eruciatus
1157 1572 1227 1618 cop

149 1656 240 1748 poris
261 1642 455 1750 deprecor⁸.
474 1658 593 1753 Regno
607 1655 789 1745 Numidiae,
810 1654 902 1751 quod
922 1669 1072 1727 vestrum
1093 1669 1161 1743 est,
1176 1655 1226 1724 uti

128 1877 129 1885 ¹
150 1865 285 1939 accipiunt
300 1885 351 1939 pro
367 1869 464 1940 majoris
471 1868 592 1937 sereres
585 1880 622 1921 rte
636 1831 668 1922 ut
707 1868 875 1942 pertiueuut3
885 1867 941 1922 boc
955 1885 1020 1922 sune*
1032 1865 1158 1921 concedo.
1170 1866 1225 1920 Ve-

149 1948 459 2018 voxgraviruinbonsm
467 1960 668 2022 purtemsumu·
706 1968 768 2002 rum
790 1967 864 2002 nune
890 1947 970 2002 ermis
1000 1960 1073 2001 tenet
1093 1947 1226 2019 iugurtha

148 2037 217 2080 tur:
235 2027 308 2101 quod
323 2027 383 2082 fieri
403 2049 458 2083 non
477 2049 554 2102 posse
573 2029 665 2083 multis
708 2048 820 2102 regnum
829 2027 902 2102 quod
916 2040 1022 2081 uestrum
1034 2040 1086 2094 est,
1099 2027 1225 2099 quonium

147 2107 286 2162 contendit
294 2108 414 2178 Curtius,
423 2115 574 2183 graeciaeque
584 2111 667 2164 inter·
707 2109 776 2164 illud
792 2129 840 2182 ego
856 2129 871 2163 a
888 2110 966 2164 vobis
980 2108 1078 2181 ecuepi.
1090 2134 1102 2157 ι
1112 2109 1148 2161 Et
1162 2107 1226 2162 huic

147 2190 602 2259 pretatur,aeerbius,iutolerudileus,
612 2191 664 2245 hoc
708 2188 819 2263 quidem
830 2189 967 2247 sententie
981 2189 1090 2245 Curtius
1101 2189 1226 2260 suffrage-

147 2267 259 2322 modo:·
269 2271 368 2324 Utrum
375 2265 529 2332 (amicitiam
535 2285 664 2338 vestram,
708 2283 765 2338 tur3
776 2271 823 2344 qui
834 2290 917 2343 quum
933 2271 999 2337 elie,
1013 2283 1071 2336 tum
1081 2269 1133 2322 hoc
1147 2269 1224 2324 uilert

147 2367 182 2401 uu
204 2369 316 2422 regnum
340 2345 448 2415 meum)
468 2369 525 2405 uuir
546 2369 664 2405 eruum
708 2351 801 2404 similis
815 2351 992 2406 consessionis
1006 2349 1224 2423 exemplum,in·

146 2428 198 2500 ipsi
204 2429 660 2498 intolerabiliussitpmnesseiunt.»
708 2431 762 2498 fra,
773 2431 882 2484 xxxi:
896 2457 907 2479 ι
920 2429 972 2484 Sed
984 2449 1046 2484 sane
1057 2429 1138 2483 luerit
1150 2429 1224 2502 regui

147 2506 182 2560 Et
197 2509 234 2562 sic
250 2509 359 2582 quidem
377 2512 478 2587 optime
493 2530 584 2565 sensus
599 2531 664 2564 oon·
707 2512 810 2583 paratio
822 2511 896 2583 plebi
910 2529 958 2564 sua
971 2511 1141 2564 restituere.-

147 2599 210 2654 stat3
223 2587 269 2642 sed
282 2591 362 2661 paulo
374 2589 469 2644 durior
481 2591 592 2664 ellipsis,
606 2609 663 2644 rou
750 2595 777 2646 6.
792 2591 859 2646 Nam
879 2609 924 2662 ego
947 2591 1040 2663 quidem
1061 2591 1156 2642 vellem.
1172 2587 1224 2642 Hic

147 2685 274 2722 susumus.
284 2671 342 2740 Ego
353 2671 391 2724 sic
401 2669 604 2744 intelligendum
612 2691 663 2744 pu·
708 2685 747 2726 est
755 2671 946 2726 sententiarum
954 2669 1022 2725 ordo
1035 2690 1041 2724 :
1052 2697 1064 2718 ι
1075 2670 1164 2736 Nihil,
1172 2669 1224 2723 nisi

146 2758 250 2802 temon
257 2750 396 2822 speratille
405 2769 433 2804 se
442 2763 589 2804 etvestrum
601 2752 664 2805 arni·
706 2753 747 2805 uis
762 2763 861 2820 vestra,
874 2751 1033 2824 Iugurtham
1051 2769 1159 2804 movete
1174 2768 1224 2821 po·

137 2825 237 2882 'citiam
252 2841 279 2882 et
293 2849 384 2882 meum
398 2849 511 2902 reguum
525 2831 604 2884 simul
618 2832 664 2886 ha·
707 2844 765 2886 test.
778 2831 856 2894 Nam,
869 2850 962 2884 verum
977 2831 1058 2884 nimis
1078 2841 1134 2898 est,
1149 2826 1223 2904 quod

145 2909 210 2961 bere
216 2927 301 2981 posse.
313 2909 366 2964 Sed
374 2922 516 2983 utrumque
524 2929 582 2964 rem
589 2912 664 2984 quasi
706 2911 876 2966 nunescribo
886 2925 912 2966 et
919 2924 996 2965 untes
1008 2924 1116 2984 questus
1123 2910 1221 2964 eumin
1308 2961 1310 2964 .

146 2988 246 3042 uotiua
268 2988 446 3061 ponderuvit3
463 2991 621 3064 graviusque
638 2991 664 3046 ei
707 3005 800 3047 senatu
812 3030 820 3059 ‚
830 3011 873 3045 me
883 2993 957 3046 omui
972 2989 1098 3064 presidio
1110 2989 1223 3044 destitu-

146 3068 233 3122 visum
262 3083 303 3124 est
330 3089 444 3144 regnum
470 3091 568 3128 meum.
596 3069 661 3126 Ideo
706 3071 1073 3139 tum.Qu0dutinamverum
1081 3089 1137 3126 nou
1146 3069 1221 3124 esset!

145 3147 198 3202 hoe
213 3149 294 3222 eligit.
310 3151 353 3205 Sic
370 3157 469 3223 grauius
483 3153 596 3226 proprio
609 3171 664 3206 me·
706 3153 768 3206 Non
779 3153 917 3224 tuntisego
928 3151 1042 3206 miseriis
1054 3169 1219 3224 premerer.-
1260 3197 1270 3215 ,

147 3228 217 3284 xime
230 3249 309 3286 sensu
324 3233 478 3306 accipietur.
707 3230 836 3286 Hocrero
844 3231 911 3287 dicit
918 3246 950 3286 ut
958 3233 1012 3286 suis
1021 3231 1136 3305 querelis
1141 3229 1221 3284 fldem

186 3311 212 3366 ⁵.
224 3311 452 3382 Quoesauesuerr'rrt
460 3327 549 3367 uosrroe
556 3316 659 3386 injuria,
706 3314 1074 3385 faeiat,etunteoecupetquae
1082 3313 1110 3365 in
1116 3323 1221 3364 eontra-

144 3391 312 3448 uilu'laduos.
323 3393 426 3448 Obvius
434 3396 661 3448 muimesensus:
704 3395 776 3446 rium
796 3391 850 3447 dici
868 3407 1005 3466 poterunt.
1026 3391 1147 3446 Similem
1165 3391 1221 3444 fere

148 3496 159 3517 ·
174 3470 272 3526 Fateor
291 3473 361 3526 nihil
383 3472 485 3532 advos
508 3475 661 3546 pertinere,
705 3469 1221 3545 confirmandilormulemusurpuvitsu·

145 3569 210 3622 quus
225 3553 269 3606 ille
284 3553 352 3608 mihi
366 3554 458 3607 feeerit
470 3554 588 3626 injurius.
600 3579 612 3602 ι
632 3553 661 3608 si
704 3573 746 3628 pr.
752 3555 861 3622 xlv,n.
874 3552 1025 3625 19:2Quod
1033 3554 1137 3606 utinum
1144 3550 1220 3604 illum

143 3649 208 3684 vero
220 3633 258 3686 sic
272 3631 418 3704 distinguas
434 3651 441 3686 :
459 3633 523 3703 Quoe
537 3654 594 3688 eane
601 3637 661 3702 fue·
704 3631 1156 3690 eademhreosimulautemrideem!
1168 3656 1180 3679 ι

143 3715 291 3765 nutrimen
305 3713 595 3784 r'njurioe:ru'lu'ladvos.
608 3713 660 3768 llic
745 3735 771 3786 7.
789 3715 824 3769 Ut
840 3715 970 3786 Jufflertltoe
984 3715 1098 3767 suelenurr
1120 3715 1224 3765 ostentui

143 3791 194 3844 erit
201 3811 292 3850 sensus
305 3811 312 3847 :
325 3819 336 3841 ι
345 3793 412 3859 Quee
427 3793 532 3865 injurie
543 3787 660 3857 (scilieet
703 3815 783 3849 essem.
800 3795 840 3850 Ut
855 3793 1039 3850 ostenderetur
1055 3795 1083 3847 in
1096 3811 1140 3849 me
1154 3789 1220 3864 quid

141 3869 251 3928 frmem
266 3871 464 3941 occidissemus
478 3893 561 3947 regno
577 3893 659 3947 expu·
703 3875 808 3930 sceleris
818 3888 924 3948 patrare
936 3887 1024 3948 posset
1037 3871 1179 3946 Iugurtha.

141 3948 223 4018 lisse)
237 3965 348 4021 nostru,
369 3951 399 4008 id
421 3967 476 4023 est,
500 3955 553 4010 mei
577 3956 658 4008 unius
745 3959 771 4014 8.
786 3955 846 4011 Nun
855 3959 910 4028 jam
924 3969 1082 4008 mortum...
1097 3954 1222 4026 deprecer.

142 4033 258 4108 proprie
273 4035 388 4096 luerint:
404 4034 456 4092 illu
469 4035 538 4090 nihil
558 4033 592 4092 ad
611 4055 658 4092 ros
703 4037 838 4108 Deprecari
846 4037 956 4108 proprie
969 4049 1008 4092 eet
1017 4035 1121 4110 precari
1132 4043 1163 4087 ut
1177 4031 1225 4086 ali·
