2950 4648
515 371 572 440 m
597 372 928 442 crannonem
1171 380 1249 474 499

194 522 353 604 optumus
366 527 539 574 maxumus
548 505 582 572 in
592 503 730 574 concilio
742 503 879 574 deorum
890 504 1039 590 admisit,
1049 503 1144 576 ltalia
1158 533 1250 580 cxsu-

194 614 260 685 lem
270 612 414 682 humeris
429 611 496 680 suis
511 612 700 705 reportavit.
715 613 786 681 Oro
802 626 853 700 te,
864 611 1006 682 Romule
1022 615 1178 708 Arpinas,
1191 619 1249 711 qni

194 721 326 815 egregia
344 733 400 788 tua
420 718 542 786 virtute
560 741 674 786 omues
688 717 835 805 Paullus,
852 719 987 808 Fabios,
1007 721 1174 814 Scipiones
1195 745 1249 792 su·

194 827 336 923 perusti,
353 847 450 920 quem
467 821 600 892 tandem
621 821 730 894 locum
745 826 779 893 in
791 826 855 894 hac
869 827 1000 896 civitate
1015 826 1165 896 obtines?
1177 851 1251 923 quas
1345 863 1348 868 ·

195 933 254 1003 tibi
270 947 379 1027 partes
396 928 582 1024 reipublicae
599 927 752 1025 placent?
770 957 866 1026 quem
887 935 1048 1021 enricum,
1068 957 1165 1027 quem
1185 937 1249 1003 ini·

194 1040 318 1108 micum
340 1034 462 1106 habes?
480 1037 543 1106 Cui
563 1038 747 1108 incivitate
769 1037 874 1108 fecisti
896 1039 1044 1121 insidias,
1063 1039 1249 1112 ancillaris:

193 1136 289 1239 (quo
305 1145 397 1238 jure,
418 1167 519 1238 quum
544 1142 585 1212 de
606 1143 718 1213 exsilio
738 1157 797 1213 tuo
821 1145 1006 1239 Dyrrachio
1027 1144 1152 1235 redisti,
1174 1171 1250 1215 eum

194 1243 430 1344 sequebarisl)
450 1275 532 1344 quos
550 1264 708 1344 tyrannm
727 1249 934 1346 appellabas,
959 1275 1074 1321 eorum
1095 1256 1250 1346 potentiae

194 1356 286 1426 faves
300 1383 308 1424 :
323 1358 378 1452 qui
391 1357 451 1425 tihi
465 1371 541 1425 ante
554 1358 730 1451 optimates
741 1357 954 1446 videbantur,
966 1357 1099 1426 eosdem
1112 1357 1252 1426 demen-

193 1477 244 1532 tes
262 1487 301 1532 ac
318 1456 459 1532 lirriosos
472 1465 706 1533 vocas.Vatinii
719 1487 868 1533 caussam
880 1465 970 1558 agis,
982 1463 1024 1533 de
1042 1465 1154 1533 Sextio
1166 1463 1251 1532 male

193 1570 371 1639 existumas
388 1595 395 1636 :
412 1567 564 1638 Bibulum
586 1568 863 1665 petulantissumis
881 1570 991 1639 verbis
1008 1569 1114 1656 ledis,
1139 1569 1251 1639 laudas

194 1675 360 1745 Caesarem
373 1702 380 1744 :
395 1701 494 1770 quem
512 1699 664 1746 maxume
680 1676 794 1764 odisti,
818 1679 846 1745 ei
865 1701 1018 1746 maxume
1039 1676 1227 1772 obsequeris
1244 1702 1252 1743 :

102 1802 106 1818 ·
193 1779 283 1851 aliud
307 1795 413 1866 stans,
433 1781 521 1851 aliud
543 1781 677 1872 sedens,
692 1783 733 1852 de
755 1782 923 1878 republica
942 1785 1041 1853 sentis
1058 1785 1134 1852 :his
1152 1781 1251 1851 mole·

193 1887 293 1976 dicis,
311 1887 382 1958 illos
396 1888 492 1958 odisti
507 1913 514 1956 :
531 1887 705 1959 levissume
719 1886 905 1984 transfuga!
924 1915 1032 1984 neque
1048 1891 1082 1957 in
1096 1891 1175 1978 hac,
1196 1913 1252 1956 ne·

192 2017 259 2087 que
272 1996 306 2064 in
324 1993 378 2064 illa
397 2009 490 2090 parte
509 1993 608 2064 fidem
629 1995 741 2064 habes.

274 2227 670 2308 DECLAMATIO
697 2228 760 2307 IN
787 2225 1175 2308 SALLUSTIUM

353 2449 440 2508 QUAE
469 2447 662 2495 CICERONI
690 2445 815 2493 PALSO
842 2445 1080 2494 TRIBUH'UR.

247 2630 274 2697 Ι.
286 2630 339 2697 En
352 2627 485 2695 demum
495 2649 616 2720 magna
626 2623 778 2719 voluptas
790 2637 854 2710 est,
866 2626 982 2720 Crispe
993 2623 1123 2694 Sallusti
1131 2680 1141 2712 ,
1149 2651 1254 2723 aeqna.

193 2734 260 2804 lem
280 2757 320 2802 ac
338 2757 452 2829 parem
470 2731 579 2802 verbis
605 2732 710 2800 vitam
727 2754 840 2825 agere,
858 2755 965 2826 neque
984 2731 1162 2827 quidquam
1185 2749 1253 2807 tam

193 2841 386 2910 obscoermm
399 2839 526 2926 dicere,
542 2839 596 2908 cui
610 2863 677 2907 non
696 2837 737 2907 ab
755 2839 848 2906 initio
865 2839 1012 2932 pueritiae
1025 2841 1117 2907 omni
1134 2863 1254 2933 genere

193 2947 349 3016 facinoris
372 2961 449 3016 aetas
475 2959 532 3014 tua
551 2943 768 3039 respondeat,
789 2958 826 3012 ut
847 2947 954 3014 omnis
979 2947 1089 3016 oratio
1107 2949 1253 3019 moribus

193 3066 362 3122 consonet.
378 3054 495 3146 Neque
509 3053 615 3137 enim,
629 3053 686 3146 qui
705 3053 752 3119 itu
772 3052 869 3140 vivit,
887 3053 935 3120 uti
953 3067 1007 3140 tu,
1021 3051 1131 3138 aliter,
1146 3077 1185 3122 ac
1201 3067 1253 3143 tu,

149 3228 152 3235 ,
192 3157 284 3252 loqui
302 3171 410 3252 potest
428 3184 436 3226 :
453 3181 576 3251 neque,
595 3160 651 3250 qui
669 3172 736 3226 tarn
758 3155 850 3226 illoto
872 3181 1022 3226 sermone
1040 3161 1163 3242 utitur,
1186 3163 1253 3228 vita

191 3264 363 3334 honestior
380 3277 438 3334 est.
461 3265 539 3351 Quo
560 3277 781 3346 merertam,
798 3263 834 3330 P.
855 3261 914 3330 cl
935 3263 1022 3331 unde
1044 3265 1170 3332 initium
1194 3289 1252 3333 su-

191 3369 306 3438 mam?
316 3371 422 3464 majus
434 3371 522 3439 enim
530 3368 612 3437 mihi
620 3367 749 3437 dicendi
763 3391 847 3434 oum
857 3367 1056 3460 imponitur,
1067 3391 1135 3461 quo
1143 3370 1253 3438 notior

192 3488 245 3544 est
270 3487 409 3568 uterque
436 3490 595 3544 nostrum.
623 3473 725 3562 Quod
749 3475 775 3539 si
797 3486 855 3540 aut
879 3470 1018 3540 demea
1039 3474 1124 3558 vita,
1152 3486 1252 3566 atque

192 3579 345 3668 actibus,
373 3580 451 3652 huic
477 3581 691 3651 conviciatori
718 3577 940 3672 respondero,
961 3577 1085 3645 invidia
1114 3576 1252 3672 gloriam

192 3701 414 3780 consequetur
428 3713 435 3754 τ
451 3701 528 3774 aut,
547 3689 573 3755 si
591 3686 689 3779 hujus
705 3685 809 3770 facta,
828 3708 1102 3770 mores,omnem
1122 3697 1251 3754 aetutem

191 3791 388 3880 nudavere,
414 3794 449 3862 in
475 3793 560 3862 idem
587 3793 705 3860 vitium
730 3790 872 3860 incidam
901 3792 1135 3884 procacitatis,
1160 3791 1251 3885 quod

192 3897 271 3968 huic
293 3899 420 3994 objicio.
445 3899 486 3968 ld
507 3923 585 3985 ros,
610 3900 636 3968 si
660 3898 746 3968 forte
764 3897 990 3983 offendimini,
1011 3898 1129 3990 justius
1151 3896 1250 3988 huic,

192 4027 293 4098 quarn
311 4006 410 4096 milri,
434 4029 627 4078 succensere
653 4003 795 4093 debetis,
819 4007 875 4099 qui
901 4005 1032 4075 initium
1060 4003 1249 4077 introduxit.

998 4131 1066 4204 32²
