2916 4630
118 449 123 456 .
220 385 292 460 116
582 383 620 450 L.
644 378 908 450 CATILINAE

213 523 266 590 Ex
283 543 322 590 ea
340 531 457 615 gente,
480 539 581 610 quum
606 510 769 582 Romulus
789 525 922 580 centum
944 510 1068 579 creavit
1090 525 1275 602 senatores,

213 652 299 698 unus
320 625 462 695 adscitus
480 637 548 710 est;
567 635 726 717 praeterea
741 642 810 686 una
828 643 868 687 ex
885 619 1013 687 rusticis
1031 617 1180 688 tribubus
1199 621 1274 689 Ser-

186 788 192 799 .
213 737 266 829 gia
284 735 462 802 nominata.
477 729 576 799 Multi
594 753 673 797 vero
692 727 734 796 ab
753 750 840 795 anno
858 739 934 822 post
948 726 990 794 U.
1006 727 1044 794 C.
1064 726 1192 797 circiter
1210 740 1275 795 tre·

213 843 392 910 centesimo
413 839 518 934 Sergii
539 838 709 922 exstitere,
730 832 818 902 domi
836 832 1021 926 militiaeque
1042 831 1187 920 nobiles;
1202 831 1275 901 nut-

212 945 263 1016 lus
283 945 424 1016 nobilior
441 947 489 1015 M.
514 945 647 1040 Sergio,
663 942 704 1011 de
722 965 805 1036 quo,
827 965 869 1008 ne
895 963 1024 1035 semper
1042 943 1076 1009 in
1099 939 1219 1009 scelere
1243 954 1278 1009 et

212 1051 494 1148 conjurationibus
519 1075 711 1136 versemur,
738 1049 905 1144 egregium
931 1045 1026 1116 Plinii
1052 1045 1163 1118 locum
1194 1045 1276 1116 refe·

212 1185 323 1230 remus
343 1153 416 1250 (lib.
437 1181 505 1249 vn,
527 1183 597 1254 cap.
615 1150 697 1247 28):

270 1297 288 1333 α
304 1270 422 1338 Marco
441 1267 575 1362 Sergio,
590 1279 627 1333 ut
641 1261 772 1358 quidem
790 1261 950 1348 arbitror,
963 1284 1061 1329 nemo
1076 1285 1278 1355 quemquam

211 1375 385 1444 hominum
403 1375 478 1467 jure
496 1370 691 1467 praetulerit,
703 1369 779 1438 licet
796 1391 961 1463 pronepos
980 1366 1120 1436 Catilina
1139 1370 1278 1462 gratiam

212 1470 338 1549 nomini
353 1481 498 1574 deroget.
517 1475 670 1546 Secundo
688 1473 850 1570 stipendio
862 1474 1035 1543 dexteram
1051 1497 1185 1543 manum
1203 1499 1278 1568 per·

212 1585 311 1674 didit3
331 1584 497 1680 stipendiis
516 1581 666 1671 duobus,
684 1597 735 1651 ter
761 1594 795 1650 et
815 1582 916 1650 vicies
933 1579 1125 1650 vulneratus
1147 1594 1215 1668 est;
1234 1581 1282 1650 ob·

211 1685 245 1760 id
273 1706 390 1759 neutra
418 1714 537 1778 manu,
561 1703 680 1758 neutro
709 1687 793 1784 pede
820 1689 896 1757 satis
925 1686 1032 1777 utilis3
1054 1712 1122 1756 uno
1148 1699 1280 1758 tantum

211 1821 326 1884 servo,
338 1795 486 1892 plurimis
504 1811 618 1892 postea
636 1793 803 1892 stipendiis
825 1793 939 1863 debilis
957 1793 1058 1864 miles.
1078 1795 1132 1864 Bis
1150 1793 1193 1861 ab
1211 1793 1281 1862 An·

211 1902 320 1972 nibale
342 1917 458 2000 captus
475 1895 604 1999 (neque
623 1905 711 1972 enirn
733 1928 810 1972 cum
828 1899 976 1996 quolibet
991 1903 1087 1971 hoste
1105 1925 1157 1970 res
1180 1893 1281 1990 fuit),

210 2009 262 2079 bis
280 2010 488 2081 vinculorum
507 2011 577 2105 ejus
595 2009 773 2107 profugus,
784 2011 901 2105 viginti
917 2009 1096 2098 mensibus,
1104 2006 1196 2076 nullo
1212 2031 1282 2076 non

211 2113 279 2204 die,
297 2119 332 2186 in
351 2120 474 2190 catenis
495 2133 553 2186 aut
574 2117 788 2212 compedibus
809 2115 1002 2185 custoditus.
1025 2116 1163 2184 Sinistra
1181 2135 1282 2182 manu

212 2221 283 2292 sola
303 2239 420 2318 quater
441 2225 620 2319 pugnavit,
635 2221 765 2293 duobus
778 2224 870 2318 equis
885 2221 1045 2291 insidente
1063 2245 1103 2290 eo
1123 2220 1280 2290 suffossis.
1397 2294 1402 2303 ,

211 2332 394 2399 Dexteram
422 2330 483 2398 sibi
511 2329 652 2399 ferream
677 2329 771 2418 fecit,
798 2353 901 2424 eaque
930 2327 1066 2423 religata
1092 2325 1283 2423 praeliatus,

211 2437 414 2505 Cremonam
427 2435 596 2505 obsidione
612 2438 749 2524 exemit,
760 2431 961 2505 Placentiam
978 2447 1102 2504 tutatus
1117 2447 1167 2502 est
1177 2485 1186 2522 ,
1198 2431 1282 2500 duo-

212 2539 426 2621 denacastra
442 2541 587 2610 hostium
605 2543 640 2610 in
662 2541 770 2611 Gallia
792 2543 898 2636 cepit3
916 2565 989 2635 quae
1009 2541 1120 2609 omnia
1141 2563 1182 2608 ex
1207 2563 1283 2608 ora-

211 2647 302 2715 tione
328 2647 399 2739 ejus
429 2661 611 2740 apparent,
637 2672 739 2740 quum
761 2649 795 2715 in
819 2661 963 2742 praetura
989 2647 1090 2718 sacris
1115 2659 1285 2715 arceretur

213 2775 232 2819 a
252 2749 403 2846 collegis,
423 2765 462 2819 ut
480 2749 603 2821 debilis.
622 2755 717 2842 Quos
734 2753 789 2822 hic
813 2777 1012 2822 coronarum
1031 2778 1167 2823 acervos
1186 2777 1283 2822 cons-

210 2871 400 2947 tructurus,
411 2852 507 2926 hoste
523 2858 675 2927 mutato?
686 2859 818 2928 Etenim
834 2859 1013 2956 plurimum
1030 2861 1147 2948 refert,
1160 2862 1193 2928 in
1209 2882 1284 2952 qum

212 2962 372 3058 cujusque
393 2963 498 3034 virtus
516 2978 668 3060 tempora
681 2965 840 3036 inciderit.
854 2967 947 3056 Quas
958 2967 1096 3058 Trebia,
1107 2967 1284 3036 Ticinusve

213 3083 271 3137 aut
291 3071 510 3164 Trasymenus
529 3072 649 3142 civicas
671 3071 815 3142 dedere?
829 3075 913 3164 Quae
929 3076 1053 3144 Cannis
1072 3097 1196 3144 corona
1213 3097 1285 3141 me-

213 3173 300 3243 rita?
325 3175 414 3245 unde
446 3177 567 3274 fugisse
598 3179 729 3248 virtutis
756 3204 921 3249 summum
950 3206 1034 3276 opus
1069 3181 1140 3251 fuit.
1172 3179 1286 3250 Ceteri

213 3282 365 3378 profecto
383 3283 525 3356 victores
539 3283 840 3385 lrominumpfuere,
856 3289 989 3383 Sergius
1006 3289 1085 3356 vicit
1103 3288 1200 3356 etiam
1219 3284 1285 3349 lor-

213 3403 378 3458 tunam.»
719 3394 724 3402 '

268 3497 376 3590 Hujus
397 3501 480 3568 tanti
499 3501 562 3570 viri
582 3498 749 3596 abnepos¹
768 3498 832 3568 fuit
849 3497 1010 3588 Catilina,
1028 3496 1161 3567 cuilibet
1179 3493 1283 3588 majo·

262 3715 286 3750 1.
310 3697 431 3768 Abnepos.
455 3697 632 3768 Pronepotem
659 3697 726 3752 dixit
769 3713 808 3752 est
821 3711 920 3773 quartus
927 3711 1058 3770 pater,ut
1069 3709 1171 3751 constet
1186 3694 1287 3750 exboc

215 3775 331 3841 Plinius,
347 3775 409 3842 sed,
425 3777 537 3848 opinor,
553 3795 608 3830 non
632 3781 725 3832 stricto
769 3779 854 3832 Plauti
869 3797 962 3842 versu,
979 3779 1052 3832 Pers.
1069 3795 1097 3844 1,
1113 3797 1148 3842 s,
1166 3775 1202 3829 ⁵:

215 3873 301 3910 semu,
316 3857 384 3910 Nam
399 3875 491 3910 omnes
507 3855 602 3910 ordine
615 3861 727 3929 majore.
768 3861 903 3911 Pirenam,
911 3877 1005 3916 proavos,
1014 3864 1096 3910 abavus,
1105 3860 1289 3910 novennium

218 3931 662 4000 CatilinuenumeratDeBmsses,in
669 3939 727 4008 qui·
768 3941 872 4006 Quibus
892 3939 1069 4012 respondent,
1085 3937 1177 3993 eedem
1198 3937 1289 4005 serie,

216 4009 373 4068 busclavum
389 4021 445 4088 ejus
452 4018 531 4092 brisce
543 4017 727 4088 sppurstMsr-
769 4019 853 4086 filius,
869 4039 968 4091 nepos,
983 4039 1134 4093 pronepos,
1149 4019 1289 4090 abnepos,

218 4105 278 4141 curn
292 4090 366 4143 illurn
380 4095 507 4168 Sergium.
520 4098 626 4152 Abarne
639 4111 728 4150 autem
770 4097 901 4170 adnepos,
925 4101 1051 4172 trinepos,
1067 4127 1108 4144 ·-·
1125 4099 1194 4154 Nota
1216 4097 1286 4152 deu.
