2922 4642
317 402 550 472 JUDICIA
582 401 646 470 ET
678 402 1024 471 TESTIMONIA.
1115 428 1199 472 xxix

137 533 265 622 demus,
287 533 323 602 in
340 533 506 603 adulterio
525 531 767 628 deprehensum
783 533 825 602 ab
843 535 951 602 Annio
969 532 1111 623 Milone,
1125 534 1203 605 loris

138 641 219 709 bene
237 665 361 710 caesum
379 639 464 708 dicit
477 654 528 728 et,
542 663 644 733 quum
656 638 798 708 dedisset
812 641 1007 734 pecuniam,
1021 640 1202 712 dimissum.

226 804 452 886 Snnromus,
480 823 526 870 na
553 821 778 870 rnnusrnmos
798 821 1066 890 carnusrrcrs,
1082 827 1113 870 x.

189 943 324 1012 Asinius
343 940 466 1029 Pollio,
485 941 518 1008 in
533 940 619 1010 libro
637 966 703 1036 quo
723 939 866 1011 Sallustii
884 943 1007 1036 scripta
1028 944 1202 1038 reprehen-

140 1050 203 1137 dit,
218 1063 258 1117 ut
272 1051 374 1117 nimia
389 1050 575 1143 priscorum
589 1048 768 1116 verborum
791 1048 1001 1118 affectatione
1023 1049 1140 1136 oblita,
1157 1053 1203 1120 ita

141 1156 264 1224 tradit:
290 1157 333 1222 In
354 1179 427 1224 eam
448 1179 518 1224 rem
539 1153 741 1247 adjutorium
761 1155 791 1222 ei
813 1154 891 1224 fecit
909 1157 1050 1224 maxime
1068 1157 1202 1250 qnidam
1229 1219 1230 1224 ,

139 1259 616 1348 AteiusPraetextatus‚nobilis
626 1261 860 1356 grammaticus
871 1259 1202 1348 latinus,deelaman·

140 1371 221 1438 tium
235 1366 355 1436 deinde
377 1367 508 1460 adjutor
522 1381 620 1462 atque
634 1381 837 1462 praeceptor,
858 1367 900 1436 ad
916 1391 1079 1436 summam
1093 1369 1201 1439 Philo·

139 1473 233 1570 logus
251 1473 295 1542 ab
317 1488 421 1542 semet
438 1475 626 1542 nominatus
628 1521 1201 1544 ................

142 1635 150 1650 .
176 1634 185 1649 .
216 1632 225 1647 .
254 1633 261 1647 .
293 1632 300 1648 .
330 1578 443 1648 Coluit
459 1594 575 1674 postea
592 1577 840 1650 familiarissime
853 1574 916 1670 (sc.
938 1574 1072 1670 Ateius)
1085 1583 1202 1652 Caium

140 1685 331 1757 Sallustium
361 1701 414 1774 et,
444 1711 484 1755 eo
514 1685 691 1775 defuncto,
718 1687 866 1756 Asinium
896 1685 1097 1776 Pollionem3
1121 1714 1204 1783 quos

138 1794 310 1863 historiam
329 1817 529 1887 componere
554 1817 743 1888 aggressos,
759 1791 899 1862 alterum
914 1793 1078 1862 breviario
1094 1819 1204 1866 rerum

140 1901 288 1968 omnium
308 1923 519 1968 romanarum
530 1952 540 1986 ‚
551 1923 592 1967 ex
606 1899 742 1994 quibus,
757 1925 839 1993 quas
856 1898 972 1987 vellet,
990 1899 1141 1996 eligeret,
1156 1903 1204 1970 in·

141 2009 279 2092 struxit;
298 2004 440 2074 alterum
457 2007 631 2100 praeceptis
652 2005 694 2072 de
715 2007 843 2074 ratione
864 2005 1004 2076 dicendi.
1029 2008 1107 2096 Quo
1135 2032 1205 2076 ma-

141 2114 187 2207 gis
201 2114 308 2180 miror
323 2113 473 2180 Asinium
485 2110 666 2180 Pollionem
680 2111 857 2180 credidisse
872 2113 1006 2205 antiqua
1016 2137 1092 2180 eum
1103 2114 1206 2182 verba

141 2233 173 2287 et
186 2217 312 2314 figuras
333 2215 465 2286 solitum
483 2243 554 2288 esse
573 2217 727 2312 colligere
740 2215 911 2301 Sallusti03
930 2242 1032 2310 quum
1047 2217 1108 2285 sibi
1124 2220 1206 2287 sciat

141 2323 185 2392 nil
202 2323 294 2394 aliud
316 2323 472 2405 suadere,
487 2348 586 2418 quam
603 2339 642 2392 ut
657 2337 738 2392 noto
760 2321 911 2416 civilique
929 2335 963 2390 et
988 2324 1125 2417 proprio
1143 2349 1206 2392 ser-

141 2456 239 2499 mone
264 2444 397 2519 utatur,
416 2432 563 2525 vitatque
584 2431 726 2500 maxime
753 2429 989 2499 obscuritatem
1011 2427 1155 2500 Sallustii
1174 2445 1207 2498 et

142 2537 313 2628 andaciam
328 2538 363 2604 in
386 2535 664 2606 translationibus.

515 2687 517 2692 ⁸
572 2691 686 2774 Inane,
712 2711 769 2757 xv.

194 2823 336 2890 hnaeus
356 2821 503 2916 Pompeii
521 2822 638 2914 Magni
657 2819 793 2888 libertus
795 2871 954 2888 .....
982 2833 1077 2889 tanto
1093 2845 1205 2892 amore

142 2948 220 3020 erga
230 2928 364 3022 patroni
381 2929 575 2996 memoriam
592 2928 732 3014 exstitit,
742 2939 781 2993 ut
794 2923 982 2994 Sallustium
994 2926 1205 3018 historicum,

143 3033 232 3127 quod
250 3059 328 3102 eum
352 3035 417 3102 oris
443 3031 604 3128 improhi¹
631 3035 740 3101 animo
768 3031 992 3100 inverecundo
1007 3036 1205 3128 scripsisset,

143 3140 356 3209 acerbissima
375 3141 474 3209 satira
492 3138 702 3226 laceraverit,
721 3137 903 3206 lastaurum
926 3153 960 3206 et
977 3137 1147 3228 lurconem
1172 3156 1205 3208 et

144 3245 342 3316 nebulonem
368 3247 635 3342 popinonemque
661 3243 828 3340 appellans
855 3258 889 3312 et
917 3245 985 3312 vita
1011 3248 1205 3340 scriptisque

144 3368 387 3440 monstrosum3
407 3367 565 3446 praeterea
591 3353 775 3446 priscorum
800 3351 1000 3444 Catonisque
1026 3354 1205 3422 verborum

144 3458 434 3528 ineruditissimum
456 3457 573 3527 furem.

403 3610 631 3694 Macrones,
658 3609 814 3678 Sarnnn.
842 3628 890 3693 11,
913 3629 947 3701 9.

195 3731 387 3820 Sallustius,
412 3733 623 3826 gravissimus
654 3729 767 3800 alienae
793 3729 929 3799 luxuriae
956 3729 1149 3825 objurgator
1173 3747 1207 3802 et

144 3863 271 3909 censor.

187 4015 213 4050 1.
233 3995 303 4050 Vide
317 3997 425 4067 Fragm.
441 3997 538 4050 Incert.
554 3995 615 4048 libr.
632 4013 658 4066 p.
677 4002 751 4059 Ano,
766 3995 812 4046 ubi
827 3995 941 4066 probare
955 3991 1105 4048 studuimus
1116 4013 1133 4050 a
1144 3994 1208 4050 Sue·

145 4077 219 4130 aonio
232 4090 278 4131 aut
289 4077 422 4148 scriptum
433 4089 478 4130 aut
492 4072 662 4129 scribendum
675 4073 754 4128 fuisse
767 4079 815 4126 oris
822 4075 899 4144 probi.
