2942 4662
453 377 517 444 ET
543 377 944 448 ADDITAMENTA.
1156 377 1226 454 531

209 507 304 561 Eadem
316 507 362 558 itta
375 501 519 560 mistiam
535 505 667 560 Catilinam
682 511 786 578 agitare.
801 489 907 580 i'ulgo,
922 508 1003 562 eadent
1018 509 1062 592 'lu‘
1073 514 1231 574 caisnanans,

168 609 225 661 qua
241 608 313 659 supra
327 587 443 649 diximus,
460 585 534 660 qarod
553 606 659 640 senatun
677 588 774 641 turbat.
801 588 871 641 Nam
890 588 935 642 hic
953 587 987 642 tle
999 589 1056 662 ipao
1070 591 1189 645 Catilina
1204 595 1233 647 in

168 669 284 722 Galliam
295 664 463 740 profugiendi
476 667 587 720 consilio
598 668 696 740 agitur3
711 680 737 719 et
750 666 785 722 de
806 687 836 722 re
853 669 974 740 proxime
991 667 1074 735 diota,
1090 671 1234 726 manrdum

168 748 252 800 fuerit
267 746 412 816 subjicere,
427 767 480 818 qua
490 767 563 818 supra
575 746 686 799 diritatis.
708 747 860 801 Verisimile
876 747 955 802 estid
975 749 1007 800 sb
1023 749 1112 821 aliquo
1124 751 1234 806 librario

168 829 316 894 intrusum,
340 826 386 897 qui
403 844 458 878 non
475 825 632 897 intelligeret
651 827 731 878 eadam
761 827 812 880 itta.
834 827 925 882 Nostri
943 841 1031 882 tamen
1052 847 1145 884 omnes
1166 831 1234 886 illud

168 908 277 960 habent.
294 903 346 958 sed
360 905 467 959 Cortius
482 919 592 959 testatur
611 919 710 960 ceteros
731 907 845 960 multum
862 907 1076 976 variminus,
1097 930 1151 982 qua
1166 929 1234 982 pra·

167 987 288 1048 dictam
308 984 362 1038 duo
380 983 452 1056 apud
460 986 613 1052 Wassium,
632 1005 685 1057 qtae
700 1006 772 1058 sipara
786 991 977 1048 memoravimas5
989 987 1071 1052 alius,
1086 989 1155 1052 dnn
1167 991 1234 1046 alius

167 1068 264 1132 etiaim
279 1067 388 1118 dicerint.
404 1066 470 1130 Quas
485 1066 659 1119 inconstantia
677 1078 762 1118 totum
775 1065 827 1120 boc
840 1067 962 1139 spurium
975 1087 1031 1122 esee
1048 1069 1154 1123 evincit.

211 1147 268 1217 Qua
281 1147 318 1199 itta·
330 1146 452 1198 danaum
462 1158 523 1198 erat.
535 1143 614 1210 Quod
627 1165 687 1199 cum
699 1146 843 1218 bipontino
854 1143 1014 1214 recidimus,
1023 1152 1049 1203 in
1060 1147 1168 1204 Galliam
1177 1171 1235 1220 pra-

165 1233 277 1301 peranti,
297 1227 326 1279 in
348 1226 471 1278 omnibus
491 1237 579 1279 tumen
594 1225 691 1278 nostris
709 1226 813 1296 legitur.
841 1224 893 1279 Sed
918 1227 945 1278 in
962 1245 1017 1279 uno
1038 1227 1164 1282 Cottiano
1182 1231 1235 1284 hoc

106 1320 116 1340 ’
168 1307 277 1380 punctis
291 1325 306 1358 a
330 1318 418 1359 cetero
441 1323 553 1378 corpore
575 1317 723 1378 separatur;
752 1305 818 1357 alius
838 1317 925 1358 autem
948 1305 1028 1359 habet
1048 1314 1188 1378 properanti
1208 1315 1234 1362 in

171 1387 281 1442 Galliam
285 1406 296 1447 ;
313 1386 392 1452 alius,
405 1383 590 1438 tantummodo
601 1389 626 1437 in
641 1385 765 1448 Galliam,
784 1385 888 1438 excluso
901 1385 983 1438 verbo
992 1392 1139 1457 properanti.
1164 1390 1231 1454 Qua

166 1466 258 1520 omnia
271 1466 382 1536 glossam
396 1463 534 1533 redolent,
550 1465 610 1519 licet
627 1483 682 1518 non
701 1478 755 1518 tam
770 1463 923 1532 evidenter,
942 1484 1021 1536 quarn
1040 1468 1231 1538 transalpinam,

165 1560 207 1612 et,
223 1565 277 1617 qaoe
292 1565 364 1614 snpra
379 1545 492 1598 diximus.

208 1627 274 1679 Cir.
285 1625 387 1678 LVIII.
410 1625 493 1677 Verba
507 1628 621 1677 virtatem
634 1642 683 1676 non
694 1623 789 1676 addere.
814 1622 858 1678 Sic
869 1641 961 1678 omnes
975 1625 1070 1679 nostri.
1090 1626 1186 1682 Nullus
1203 1629 1234 1683 in

166 1717 242 1762 textu
255 1705 362 1758 exhibet
375 1707 446 1758 airis.
1024 1769 1026 1774 Α

207 1787 238 1839 In
252 1784 344 1836 deetris
351 1796 458 1855 portare.
480 1783 569 1854 Vulgo
583 1780 685 1836 addunt
701 1787 801 1846 vanis,
824 1781 898 1855 quod
911 1781 1012 1837 babent
1027 1797 1119 1839 omnes
1134 1788 1232 1858 nostri;

165 1863 213 1938 sed
229 1864 349 1923 Cortiani
365 1863 484 1929 variant,
505 1860 619 1934 ideoque
631 1862 739 1916 Cortius
755 1863 856 1933 rejecit.

205 1943 302 1998 Eadem
315 1945 358 1996 itta
375 1944 476 1996 advorsa
485 1940 560 2012 fiant.
582 1941 625 1996 Sic
642 1942 749 2011 Cortiue
768 1961 799 1995 ex
818 1959 873 1994 nno
892 1959 1009 1996 snorum.
1030 1944 1136 2012 Nostri,
1144 1946 1217 2018 fient

207 2023 272 2077 cn.
283 2025 356 2076 ux.
372 2024 415 2077 At
433 2023 532 2076 dextera
547 2042 616 2093 rupes
628 2041 721 2094 aspera.
735 2021 808 2075 vide
823 2041 851 2075 n.
869 2023 895 2077 3.
915 2022 1006 2075 Nostri
1026 2037 1155 2094 quatuor,
1175 2047 1233 2099 nepe

163 2123 263 2176 aspera,
289 2104 341 2156 nisi
358 2101 448 2174 qood,
471 2104 500 2155 in
519 2103 557 2169 E,
575 2101 730 2155 emendator
751 2099 875 2174 quidam,
892 2100 990 2155 additis
1009 2101 1113 2158 duobus
1125 2105 1159 2170 S,
1171 2107 1233 2162 iecit

163 2204 236 2256 nepes
256 2203 360 2254 asperas.
382 2185 420 2249 B,
443 2201 524 2254 rapam
543 2199 660 2254 asperam.
680 2183 767 2247 Quam
788 2181 936 2254 recepimus
950 2183 1107 2250 lectionem,
1123 2195 1233 2242 tuentur

163 2265 268 2318 Manut.
286 2263 408 2318 Glarean.
426 2263 534 2318 Gruter.

146 2377 148 2382 ·
207 2344 361 2398 Centuriones
378 2363 457 2396 ornnes
475 2343 547 2394 lectos
565 2353 589 2393 et
601 2353 716 2395 evocatos.
739 2340 856 2394 SicCet
868 2341 902 2394 D.
924 2363 963 2376 -
984 2344 1021 2407 Δ,
1037 2343 1122 2396 eleetos
1140 2357 1165 2396 et
1177 2366 1231 2398 eao-

163 2437 240 2478 aetna
256 2425 293 2490 B,
307 2425 392 2476 electas
407 2436 432 2475 et
447 2435 554 2474 wantos.
574 2421 614 2487 E,
628 2422 700 2474 lectos
717 2433 742 2472 at
748 2433 861 2486 weitos,
876 2418 922 2474 sed
936 2421 1014 2474 initio
1025 2423 1164 2496 utriusque
1174 2445 1233 2498 par.

165 2505 252 2576 ticipii
270 2523 349 2576 supra
363 2504 460 2558 lineam
475 2501 595 2556 additum
608 2515 647 2554 est
658 2523 679 2555 e.

203 2586 255 2638 Pru
270 2587 319 2636 aris
337 2595 407 2656 atque
416 2585 481 2652 sacis
496 2587 545 2647 iuis
562 2601 663 2635 cernere.
679 2579 723 2634 Sic
735 2580 850 2634 Cottius.
867 2579 958 2633 Nostri
971 2599 1076 2647 omnes,
1089 2595 1188 2638 certare.

208 2665 234 2717 T
231 2665 328 2717 tibanus
333 2703 341 2726 ,
361 2675 405 2716 ant
414 2664 557 2736 praefectus,
573 2672 616 2712 aut
629 2661 736 2731 legatia,
758 2672 801 2712 aut
812 2671 966 2731 praetercunt
984 2679 1071 2729 magna
1082 2663 1163 2732 gioria
1170 2666 1230 2732 fae.

164 2755 212 2799 rat.
227 2744 337 2798 flavere.
347 2781 356 2810 ,
367 2763 419 2796 aran
434 2761 523 2814 magna
539 2742 621 2813 gloria
640 2743 665 2793 in
681 2743 785 2792 evercitu
791 2742 890 2809 suerat,
904 2740 993 2811 sicque
1006 2753 1119 2812 quatuor
1134 2746 1227 2798 nostri.

162 2825 200 2891 C,
217 2844 269 2876 aunt
283 2843 372 2894 inagna
389 2827 414 2876 in
426 2827 532 2875 exercitu
546 2823 627 2893 gloria
641 2822 734 2890 fuerat.
760 2821 867 2874 Curtius
881 2839 965 2873 unum
986 2819 1104 2875 codicem
1117 2823 1228 2893 habuit,

163 2905 193 2958 in
204 2923 258 2976 qno
270 2903 395 2976 primitus
409 2921 466 2957 non
482 2903 556 2956 luere
568 2901 661 2968 verba,
678 2905 703 2953 in
715 2905 827 2954 exercitat.
850 2901 888 2953 Ea
899 2901 980 2973 igitur
989 2899 1068 2955 delet.
1088 2903 1123 2954 Et
1134 2907 1229 2977 sepina

162 2983 272 3056 quidem
283 2983 397 3038 recurrit
410 2983 438 3036 in
453 2982 505 3035 hoc
521 2983 607 3054 capite
619 3000 670 3034 vox
681 2985 806 3034 exercitia.
822 2981 951 3034 Preterea
965 2981 1111 3054 interrogat
1121 2983 1228 3039 Cortiua

161 3064 225 3130 nbi,
241 3064 263 3118 ei
278 3083 334 3116 non
347 3068 372 3116 in
386 3066 497 3124 exercita,
514 3063 655 3126 tribuitur,
669 3073 715 3114 aut
726 3063 865 3132 proiectus
880 3073 924 3114 aut
934 3063 1032 3131 legatus
1043 3063 1137 3128 fnisse,
1147 3065 1228 3118 homo

161 3143 285 3198 militaris
297 3143 423 3215 potuerit.
444 3141 619 3213 Quanquam,
640 3141 687 3212 qui
704 3142 773 3194 tueri
787 3142 857 3193 volet
881 3144 907 3191 in
930 3147 1047 3202 evercitu,
1070 3143 1229 3197 existimabit

161 3224 251 3277 forsan
265 3223 418 3276 Sallustium
431 3222 483 3274 hoo
496 3221 642 3292 prasertim
657 3218 832 3272 animadverti
840 3219 967 3283 voluisse,
985 3221 1083 3274 scilicet
1093 3221 1228 3276 Petreium

162 3304 262 3357 nultos
277 3321 359 3356 annos
372 3304 453 3356 tanne
468 3299 539 3372 apud
555 3299 708 3352 exercitum.
729 3298 814 3350 Porro
833 3299 868 3350 ibi
871 3299 971 3364 suerat,
986 3311 1016 3352 ut
1026 3301 1165 3366 tribunus,
1182 3313 1227 3355 aut

161 3383 317 3456 praefectus,
335 3396 380 3436 aut
394 3383 501 3453 legatus.

203 3465 268 3516 Car.
283 3463 341 3516 Lx.
365 3463 441 3533 Queat
457 3463 553 3532 quisque
565 3456 698 3528 pugnando
711 3457 786 3508 nean
799 3465 900 3525 ceperat.
921 3453 1033 3510 Haverc.
1047 3477 1115 3528 quent
1129 3462 1227 3530 quisque

160 3547 231 3595 uinus
243 3541 390 3614 pugnando,
405 3553 449 3593 eta.
472 3538 562 3592 Nostri
572 3555 664 3590 omnes
680 3547 823 3606 agnoscunt
839 3538 920 3596 vivus,
938 3532 984 3586 sed
999 3537 1071 3590 varia
1084 3539 1224 3609 positione.

164 3623 247 3676 Abest
262 3622 296 3674 ab
310 3641 365 3674 uno
382 3619 579 3675 Cottianorum.
598 3617 679 3670 Abest
692 3617 771 3668 etiam
789 3611 860 3685 apud
874 3614 982 3668 Florum
999 3634 1042 3680 ιν,
1059 3633 1071 3668 r
1086 3635 1094 3669 :
1120 3619 1226 3682 Quem

162 3703 223 3775 qnia
237 3702 266 3754 in
281 3699 424 3774 pugnando
437 3711 543 3770 ceperat
555 3699 663 3762 locum,
679 3715 738 3748 eum
752 3695 846 3747 aminea
863 3694 949 3747 mina
964 3713 1077 3766 corpore
1089 3699 1199 3767 tegebat.
1209 3725 1221 3746 .

163 3783 248 3854 Atqui
267 3781 362 3835 florus
375 3781 421 3833 bic
435 3778 586 3832 Sallustium
604 3795 712 3848 prorsus
721 3775 866 3828 exscribere
880 3771 993 3828 videtur.
1009 3777 1226 3849 DeletergoCar·

162 3862 216 3917 tine
227 3879 236 3929 ;
250 3863 320 3916 bene
332 3881 366 3915 an
377 3877 534 3933 perpetum
547 3858 679 3927 integrum
689 3857 782 3910 lectori
791 3853 922 3928 judicium
933 3857 975 3910 sit.

612 4072 796 4098 *⁴00*-

961 4120 1032 4208 34²
