2938 4654
888 275 896 307 l

614 387 907 456 JUGURTHA.
1201 383 1282 462 '285

214 535 264 589 est
290 520 486 606 dominum,
508 545 576 590 non
599 522 835 616 imperatorem
870 545 950 590 esse.
982 523 1060 588 llaeo
1089 536 1187 616 atque
1215 523 1290 592 talia

216 629 357 722 majores
379 629 481 698 vestri
497 627 670 715 faciundo,
684 652 783 722 seque
803 651 940 720 remque
958 626 1125 721 publicam
1146 627 1290 699 celebra·

217 759 302 804 vere.
324 737 409 824 Quis
431 733 586 804 nobilitas
610 734 695 804 freta
704 732 740 822 ¹⁹,
762 735 833 829 ipsa
855 732 1022 803 dissimilis
1043 735 1209 825 moribus,
1231 762 1293 806 nos

217 840 348 911 illorum
374 840 511 912 aemulos
535 842 737 924 contemnit;
763 856 797 910 et
820 866 936 910 omnes
966 841 1131 928 honores,
1162 869 1231 912 non
1253 869 1293 914 ex

217 950 354 1036 merito,
376 947 434 1018 sed
454 951 547 1042 quasi
569 948 719 1032 debitos,
740 972 760 1016 a
781 948 876 1016 vobis
897 949 1025 1043 repetit.
1049 951 1207 1018 Ceterum
1227 950 1292 1020 ho-

217 1057 322 1124 mines
336 1055 573 1150 superbissumi
592 1053 709 1150 procul
727 1070 848 1124 errant.
868 1055 1014 1154 Majores
1030 1079 1147 1124 eorum
1164 1058 1291 1144 omnia,

217 1187 291 1256 quae
310 1160 446 1248 licebat,
461 1159 523 1231 illis
545 1159 722 1256 reliquere,
741 1161 888 1249 divitias,
904 1162 1078 1254 imagines,
1096 1165 1290 1234 memoriam

218 1269 269 1338 sui
290 1268 493 1363 praeclaram.
518 1271 686 1338 Virtutem
703 1293 771 1337 non
794 1267 973 1362 reliquere,
990 1292 1097 1360 neque
1119 1284 1291 1364 poterant:

217 1399 257 1444 ea
276 1374 345 1444 sola
364 1400 471 1470 neque
491 1375 589 1444 datur
603 1375 710 1462 dono,
725 1399 832 1469 neque
851 1376 1022 1469 accipitur.
1040 1375 1219 1444 Sordidum
1239 1401 1292 1444 me
1398 1401 1403 1414 ·

218 1497 252 1552 et
272 1481 404 1552 incultis
432 1481 580 1552 moribus
603 1484 718 1569 aiunt;
744 1484 821 1574 quia
850 1505 968 1576 parum
992 1482 1073 1549 scite
1102 1483 1293 1552 convivium

218 1613 345 1658 exorno
353 1586 389 1676 ²⁰,
404 1613 511 1684 neque
527 1589 722 1660 histrionem
737 1585 858 1677 ullum,
879 1612 987 1682 neque
1002 1586 1106 1682 pluris
1126 1590 1223 1682 pretii
1237 1615 1293 1658 co·
1363 1669 1369 1679 .

219 1721 340 1791 quum,
361 1720 461 1790 quam
483 1694 647 1776 villicum,
665 1695 800 1764 habeo:
823 1719 896 1789 quae
918 1694 1000 1764 mihi
1020 1693 1112 1764 lubet
1130 1695 1293 1766 confiteri.

221 1892 272 1946 tica
287 1904 341 1958 est,
355 1911 410 1944 non
424 1891 585 1945 accusativus
598 1891 736 1963 pronomi-
779 1891 813 1943 rii
831 1891 997 1962 temporibus
1009 1889 1151 1942 histriones
1166 1891 1294 1943 conviviis

221 1974 271 2026 nis.
281 2006 326 2028 .-
341 1973 424 2042 Agar.
444 1973 485 2025 Sc.
507 1973 597 2024 vitam.
612 2004 653 2014 —
669 1971 734 2042 Sup·
780 1969 1028 2035 adhibebantur,ut
1040 1983 1113 2041 patet
1125 1989 1155 2022 ex
1164 1970 1216 2023 boc
1225 1971 1295 2024 Livii

217 2054 292 2124 plicia
319 2071 410 2122 cogere.
437 2053 579 2104 Poenarum
605 2063 678 2104 metu
701 2049 735 2103 ad
779 2052 855 2115 loco,
871 2069 970 2114 xxxix,
988 2055 1027 2103 6:
1053 2050 1205 2103 aLuxurira
1222 2051 1293 2103 enim

222 2133 340 2186 officium
371 2151 472 2204 cogere.
502 2132 642 2204 Supplicia,
668 2132 734 2202 sing.
779 2130 926 2202 peregrina
942 2130 1018 2200 origo
1036 2131 1069 2182 ab
1090 2130 1207 2183 exercitu
1222 2131 1295 2182 Asia·

221 2232 351 2280 numero,
369 2213 525 2284 generaliter
553 2209 732 2276 dictumest,
780 2211 833 2264 tico
857 2205 976 2272 (Manlii
992 2209 1135 2274 Vulsonis,
1154 2211 1186 2262 A.
1204 2209 1239 2262 U.
1261 2210 1292 2262 C.
1378 2209 1381 2216 ’

222 2291 317 2346 eodem
337 2313 431 2360 sensu,
444 2309 497 2364 quo
513 2292 583 2364 plur.
604 2293 733 2362 suppliciis.
783 2291 837 2344 568
850 2286 860 2355 )
872 2290 976 2342 invecta
991 2289 1019 2340 in
1035 2289 1128 2342 urbem
1140 2302 1187 2343 est.
1203 2289 1227 2341 Ii
1240 2291 1295 2360 pri·

221 2405 264 2418 --
277 2373 437 2426 Celebravere.
453 2373 547 2425 Gloria
562 2373 734 2424 illustravere.
780 2389 855 2422 mum
869 2369 951 2421 lectos
964 2380 1069 2434 aeratos,
1082 2382 1181 2422 restem
1194 2381 1295 2440 stragu-

267 2473 311 2523 ¹9·
335 2455 396 2524 (iuis
416 2453 528 2505 nobilitas
537 2454 615 2519 fretu.
632 2452 736 2516 Quibus
780 2450 832 2502 lam
844 2449 1132 2522 pretiosam,plagulas
1143 2462 1170 2502 et
1180 2449 1230 2502 alia
1242 2462 1297 2502 tex·

224 2534 369 2606 majoribus
386 2529 517 2606 (quorum
537 2538 668 2603 majorum
687 2550 737 2583 no·
781 2531 850 2594 tilia,
864 2543 890 2582 et
905 2548 964 2600 quar
978 2543 1034 2582 tum
1047 2528 1191 2600 magnificas
1209 2530 1297 2602 supel-

222 2611 312 2678 mine)
325 2614 392 2666 freta
410 2613 542 2665 nobilitas.
559 2643 600 2655 -
613 2611 666 2664 Nos
682 2612 737 2663 illo·
780 2609 874 2663 lectilis
891 2609 1072 2675 habebantur,
1085 2607 1249 2681 monopodia
1269 2623 1296 2661 et

224 2713 276 2746 rum
289 2694 395 2746 emulos.
408 2693 462 2758 Qui
474 2693 546 2758 illos,
557 2711 593 2744 sc.
609 2693 737 2762 majores,
781 2691 889 2754 abacos,
905 2691 1017 2741 Romam
1037 2687 1207 2742 advexerunt.
1223 2690 1294 2742 Tum

223 2774 323 2828 imitari
337 2772 481 2826 studemus.
496 2805 537 2816 -
554 2774 675 2824 Virtutem
691 2789 739 2824 non
781 2771 896 2842 psaltriae
915 2769 1172 2840 sambucistriaeque,
1186 2782 1213 2822 et
1233 2789 1297 2822 oon·

225 2854 348 2926 reliquere.
356 2854 447 2908 Senec.
457 2854 542 2924 Epist.
556 2869 634 2904 xarv:
652 2877 663 2898 ι
675 2851 738 2903 Non
781 2850 876 2903 vivalia
898 2849 1020 2902 ludionum
1039 2849 1231 2904 oblectamenta
1250 2849 1296 2903 ad·

224 2935 287 2986 iacit
307 2934 423 2986 nobilem
445 2933 542 2986 atrium
563 2931 673 3003 plenum
695 2931 738 2982 lu·
782 2929 836 2982 dita
848 2929 942 3002 epulis.
958 2930 1051 3000 Epulas
1066 2949 1174 3001 quoque
1189 2931 1252 3002 ipsae
1269 2944 1296 2984 et

224 3014 306 3066 mosis
315 3015 575 3084 imaginibns;nemo
583 3011 610 3063 in
621 3023 739 3064 nostram
783 3029 846 3064 cura
867 3023 893 3063 et
913 3023 1021 3082 sumptu
1044 3012 1145 3080 majore
1173 3013 1296 3082 apparari

224 3095 338 3166 gloriam
351 3095 432 3160 vixit3
450 3111 499 3148 nec
522 3089 595 3162 quod
611 3105 671 3144 ante
690 3109 739 3146 uos
782 3103 883 3162 coeptae.
907 3089 978 3142 Tum
1001 3108 1117 3160 coquus,
1138 3089 1297 3144 vilissimum

225 3175 290 3240 ruit,
301 3186 422 3226 nostrum
432 3186 479 3226 est.
492 3173 605 3226 Animus
617 3172 679 3224 facit
689 3189 739 3223 no·
784 3169 900 3242 antiquis
916 3171 1095 3241 mancipium,
1108 3181 1135 3222 et
1148 3171 1299 3224 aestimatio-

224 3255 325 3320 bilem;
339 3255 397 3320 cui,
411 3273 443 3306 ex
461 3270 629 3325 quacumque
648 3249 741 3304 condi·
783 3271 817 3304 ne
833 3263 860 3302 et
879 3269 928 3302 usu
943 3251 971 3303 in
991 3249 1078 3320 pretio
1092 3269 1162 3315 esse;
1178 3263 1205 3303 et
1223 3250 1297 3321 quod

227 3336 316 3400 tione,
330 3335 393 3388 licet
408 3352 488 3405 supra
502 3334 638 3386 fortumm
652 3349 741 3401 surge·
783 3329 959 3384 ministerium
971 3330 1070 3395 fuerat,
1079 3347 1120 3380 ars
1129 3329 1298 3402 habericoep·

226 3433 265 3468 re.
284 3440 295 3461 ι
313 3446 353 3456 -
365 3416 407 3466 Ea
422 3415 475 3466 sola
487 3432 561 3485 neque
576 3412 649 3464 datur
661 3411 738 3473 dono,
784 3423 819 3462 ta.
832 3409 886 3460 Vix
907 3409 978 3460 enirn
994 3409 1056 3474 illa,
1075 3427 1134 3478 quar
1151 3422 1213 3476 tum
1236 3429 1301 3463 con-

227 3507 272 3548 stc.
286 3494 378 3548 Senec.
389 3495 439 3565 Ep.
454 3512 527 3546 nvn
538 3512 544 3545 :
557 3519 567 3540 ι
579 3493 653 3545 Bona
666 3509 741 3544 mens
785 3489 981 3561 spiciebantur,
995 3487 1095 3540 semina
1110 3501 1187 3540 erant
1202 3489 1299 3543 suturas

227 3593 277 3628 nec
295 3572 501 3639 commodatur,
519 3592 567 3626 nec
582 3573 695 3636 emitum
715 3583 742 3623 et
784 3569 935 3622 luxuriaen
965 3599 1005 3610 -
1024 3568 1109 3638 Neque
1130 3567 1210 3638 pluris
1224 3575 1299 3639 pretii

228 3667 310 3728 puto,
324 3654 346 3706 si
359 3655 459 3708 venalis
471 3666 553 3718 esset,
563 3671 618 3706 non
632 3652 742 3704 haberet
785 3667 921 3721 coquum...
932 3689 952 3701 ..
969 3647 1052 3700 tabeo.
1070 3648 1163 3718 Neque
1180 3667 1298 3720 coquum

228 3745 395 3805 emptorem
412 3746 437 3788 at
453 3734 521 3786 mala
540 3730 659 3806 quotidie
678 3730 742 3785 emi·
785 3729 871 3782 habeo
887 3729 971 3800 pluris
986 3740 1122 3800 emptum,
1135 3745 1215 3798 quam
1231 3731 1300 3782 villi·

228 3828 281 3868 ιω,
300 3840 311 3860 .
786 3807 965 3876 cum3eadem
975 3807 1223 3879 sententia,quall1.
1233 3809 1300 3864 Cato

271 3912 317 3946 ao.
349 3894 460 3946 Esar-rto.
485 3893 593 3946 Instruo
619 3891 743 3944 omnibus
787 3888 876 3960 (apud
890 3888 959 3944 Gell.
975 3885 1066 3955 ιω)
1083 3885 1117 3940 de
1131 3889 1245 3960 antiquis
1259 3888 1300 3943 di.

135 4017 140 4024 .
229 3974 399 4044 rebus,quas
412 3973 584 4045 elegantiores
594 3971 743 4043 requirunt.
789 3971 839 4024 cit:
849 3989 920 4040 equos
933 3973 1029 4032 carius,
1042 3987 1113 4041 quam
1122 3987 1221 4040 coquos,
1237 3989 1300 4022 eme·

231 4055 359 4125 -Neqne
371 4055 507 4108 histrionem
518 4053 599 4106 ulium.
614 4052 674 4105 iam
689 4051 746 4103 Ma·
790 4050 857 4104 iant.
883 4050 945 4102 Non
961 4049 1043 4124 igitur
1066 4048 1140 4101 lateo
1155 4049 1302 4126 intelligen-
