2942 4662
556 367 901 439 OPUSCULUM.
1180 369 1255 468 509

200 524 280 596 opes
299 512 409 587 erant,
423 512 522 593 caput
542 524 655 588 suum,
673 499 762 594 quod
784 499 889 570 solum
907 500 1133 596 possidebant,
1144 527 1255 574 cense-

198 606 341 693 bantur,
362 619 396 674 et
414 603 490 674 belli
514 619 663 701 tempore
682 607 717 674 in
737 607 900 677 moenibus
926 607 1120 677 residebant.
1150 611 1256 682 facile

198 714 287 782 enim
315 725 468 806 poterant
490 714 644 782 exsistere
672 712 882 807 proditores3
911 715 987 808 quia
1016 729 1141 809 egestas
1167 715 1257 787 haud

198 817 295 888 facile
321 818 462 887 babetur
483 819 552 887 sine
579 803 730 888 damno⁵.
755 823 825 890 Hos
851 821 950 914 igitur
974 822 1118 908 Marius,
1138 822 1256 916 quibus

198 949 268 993 non
284 923 391 993 furerat
411 923 595 1020 respublica
614 925 864 1013 committenda,
877 924 970 996 duxit
987 925 1029 995 ad
1046 923 1178 996 bellurn.
1191 927 1257 999 Sed

198 1029 306 1099 forte⁷
327 1054 437 1100 secum
459 1033 497 1100 L.
526 1029 647 1126 Syllam
670 1029 813 1126 legatum
839 1053 943 1100 unum
967 1031 1010 1100 de
1033 1031 1197 1104 nobilibus
1221 1037 1255 1104 in

199 1137 405 1229 provinciam
429 1135 543 1227 duxit,
564 1151 664 1233 atqua
686 1138 731 1206 ibi
751 1137 903 1209 confecto
932 1135 1069 1207 feliciter
1095 1137 1200 1228 bello,
1221 1155 1255 1210 et

198 1242 364 1336 iugurtha
377 1257 495 1339 capto,
510 1243 552 1313 ad
567 1243 683 1314 urbem
698 1243 823 1313 rediere
840 1244 989 1312 victores.
1005 1244 1115 1337 Atque
1129 1247 1254 1333 statim,

198 1349 320 1418 virtute
344 1350 493 1444 cognita,
516 1351 643 1420 Marius
672 1352 707 1419 in
731 1349 871 1421 Galliam
898 1334 1056 1435 missus⁸,
1080 1373 1153 1442 quae
1174 1364 1253 1420 tunc

199 1477 355 1524 romanos
374 1455 457 1524 fines
473 1454 583 1526 hostili
600 1458 785 1526 incursione
804 1454 952 1523 vexabat

251 1561 312 1628 III.
343 1561 470 1631 Eodem
492 1577 656 1658 tempore,
677 1559 885 1631 Mithridates
907 1583 982 1629 eum
1003 1563 1134 1655 magnis
1151 1565 1255 1657 copiis

197 1666 386 1736 uniuersam
407 1668 518 1736 Asiam
539 1667 700 1761 urbesque
721 1668 885 1737 sociorum
912 1666 1132 1760 expugnando
1157 1683 1254 1762 atque

196 1771 358 1841 vastando
378 1775 479 1867 coepit
496 1773 660 1867 adfligere.
682 1772 734 1842 Ad
751 1797 850 1866 quem
867 1772 1086 1843 coercendum
1112 1775 1149 1842 L.
1167 1773 1255 1867 Sylla

198 1889 250 1945 est
267 1901 343 1946 cum
361 1880 506 1948 exercitu
527 1878 725 1966 destinante,
746 1877 839 1972 cujus
854 1880 888 1946 in
906 1878 1052 1947 africano
1070 1877 1156 1949 bello
1178 1905 1255 1974 pro·

196 1980 275 2051 bata
290 1998 360 2052 erat
373 1987 521 2079 corporis
536 1999 635 2078 atque
651 1986 752 2053 animi
767 1982 967 2078 magnitudo.
983 1985 1055 2052 Hoc
1072 1984 1130 2052 ubi
1147 1987 1257 2054 Mario

197 2103 406 2182 compertum
432 2104 503 2173 est,
527 2091 703 2159 terminare
728 2088 817 2181 quod
840 2089 976 2185 gerebat
997 2087 1144 2182 praelium
1166 2089 1253 2159 festi·

196 2195 316 2263 navit:
338 2209 372 2262 et
392 2196 493 2263 homo
513 2193 648 2262 infinitae
665 2192 805 2286 cupidus
822 2191 953 2286 gloriae,
975 2219 1043 2262 non
1070 2195 1255 2287 patiebatur

195 2296 381 2368 libertatem
406 2299 661 2393 dignitatemque
689 2321 860 2366 romanam
886 2296 1020 2367 alterius
1046 2301 1167 2368 virtute
1193 2300 1253 2370 de-

196 2403 297 2474 fendi.
319 2407 475 2474 Contusis
495 2405 595 2499 igitur
617 2401 743 2492 Gallis,
758 2418 949 2497 vastataque
970 2407 1103 2474 natione
1124 2409 1256 2500 penitus

195 2509 431 2597 barbarorum,
447 2511 590 2579 Romam
609 2512 728 2580 iterum
747 2512 855 2579 victor
870 2511 1012 2579 intravit.

250 2617 366 2709 Itaque
382 2617 537 2686 instinctu
549 2618 639 2711 ejus,
653 2615 836 2711 Sulpicius,
847 2615 999 2685 tribunus
1011 2615 1129 2711 plebis,
1147 2617 1251 2713 legem

196 2718 292 2806 tulit,
315 2735 353 2790 ut
379 2721 564 2792 auferretur
591 2721 687 2817 Syllae
713 2724 944 2818 provinciano
971 2724 1090 2793 Mario.
1108 2722 1250 2794 daretur.

197 2828 272 2896 Hoc
297 2826 391 2920 Syllae
410 2827 466 2896 ubi
493 2830 685 2898 nunciatum
702 2843 771 2916 est,
792 2831 966 2898 Murenam
992 2827 1136 2924 legatum
1157 2855 1253 2900 suum

195 2935 375 3026 provinciae
393 2933 640 3030 Valerianisque
668 2935 813 3030 prefecit
832 2934 1009 3023 militibus,
1033 2959 1116 3030 quos
1136 2936 1254 3006 infidos

196 3037 290 3107 bellis
310 3039 514 3108 existimabat
534 3065 604 3110 esse
625 3040 798 3128 civilibus,
818 3055 945 3110 etcum
964 3055 1057 3136 parte
1078 3046 1254 3131 exercitus,

196 3143 324 3236 injuriae
346 3143 460 3214 dolore
484 3161 688 3234 commotus,
709 3146 752 3214 ad
774 3146 1043 3239 exstinguendam
1069 3149 1253 3216 Marianam

194 3252 288 3318 venit
300 3250 485 3321 factionem.
507 3254 624 3322 Statim
638 3267 676 3320 ut
690 3254 833 3320 Romam
848 3253 957 3337 venit,
970 3253 1174 3320 resistentem
1191 3253 1251 3321 sibi

200 3479 258 3520 tote.
269 3467 285 3519 J
287 3485 329 3519 am
338 3467 445 3522 Cortius
453 3469 565 3541 conjecit
574 3488 625 3520 cum
638 3467 706 3519 liber·
749 3465 872 3520 adamno
881 3477 907 3519 et
914 3469 1014 3537 jactura
1024 3467 1101 3520 tueri.
1109 3465 1189 3532 Quod
1200 3469 1253 3522 Ex·

198 3559 262 3610 tate,
284 3544 357 3618 qnod
373 3561 463 3601 noster
474 3546 572 3602 diserte
586 3547 706 3614 exbibet,
749 3545 929 3618 superantium
945 3565 999 3598 non
1014 3545 1170 3599 intellexisse
1190 3567 1252 3600 oon·

198 3645 263 3680 nam
281 3645 336 3680 non
354 3621 381 3689 ἱ,
402 3625 448 3682 sed
469 3623 484 3679 Ξ
503 3629 630 3700 scriptum
646 3640 706 3692 est;
748 3639 813 3692 stat,
826 3644 908 3696 quum
922 3625 1076 3679 sententiam
1089 3628 1252 3698 corruperit,

198 3706 705 3779 qnosignasepenotaturpraepoa.rum.
749 3703 871 3761 addendo
891 3705 963 3760 trud.

243 3789 269 3839 6.
286 3787 352 3856 Quia
364 3798 456 3856 egestas
473 3787 618 3854 baudsacile
634 3786 707 3838 lrabe-
789 3805 815 3856 7.
846 3785 896 3839 Sed
908 3787 975 3854 sorte
992 3803 1077 3838 secum.
1095 3783 1139 3838 Sic
1153 3798 1249 3841 noster.

201 3875 242 3918 tur
251 3869 303 3917 sine
314 3866 410 3918 domno.
421 3867 456 3918 In
467 3865 544 3920 catil.
560 3865 706 3930 mvn,
749 3866 838 3936 Vulgo
850 3867 921 3920 abest
936 3885 1020 3919 secum·

201 3942 271 3998 dixit
282 3944 385 3999 Sallust.
395 3945 595 4016 :Egestcssaes'la
608 3945 708 3997 tabeo
790 3943 1253 4000 e.1nGautammusus.Sc.advenus

202 4025 391 4084 abedamaod.
402 4043 426 4080 e.
436 4025 511 4079 facile
520 4037 706 4096 “tegentem
750 4025 873 4080 Cimbros
887 4037 915 4078 et
924 4025 1066 4080 Teutones.
1078 4025 1139 4095 lug.
1153 4025 1252 4080 CXIV:
