2950 4646
254 393 325 478 ill
612 387 956 458 lucdunum.

359 519 420 586 sibi
442 541 577 596 carum,
601 517 770 607 fidumque
798 519 975 602 Romanis,
997 519 1163 608 praemittit
1186 543 1205 584 a
1227 519 1311 610 Sylla

259 703 261 708 ¹
358 628 556 718 petiturum,
573 644 618 692 ut.
627 628 791 714 colloquio
807 627 917 692 locum
933 643 967 690 et
982 625 1068 690 diem
1085 627 1271 692 constituat.

248 736 336 802 CIX.
343 733 491 799 Bocchus
505 751 538 798 et
549 735 649 822 Sylla,
658 756 766 798 coram
778 735 913 822 Aspare,
926 733 983 822 qui
995 757 1014 797 a
1024 734 1183 824 Iugurtha
1195 733 1311 798 missus

358 841 476 906 Bocchi
493 842 625 906 consilia
637 842 837 931 speculatum
851 857 1108 930 venerat,pauca
1119 842 1311 930 loquuntur.

358 947 441 1012 Dein
460 965 663 1036 pernoctem
687 948 803 1037 Syllae
818 949 945 1014 Boccho
965 950 1092 1014 occulte
1114 949 1294 1012 arcessitur.

249 1055 318 1120 CX.
341 1053 460 1118 Bocchi
483 1053 603 1137 oratio,
620 1075 685 1142 qua
707 1069 836 1144 gratum
858 1073 932 1144 erga
954 1053 1096 1141 Syllam,
1114 1053 1311 1118 benevolum

358 1181 440 1250 ergav
455 1159 618 1223 Romanos
634 1159 780 1224 animum
799 1157 947 1224 declarat.

249 1265 335 1332 CXL
360 1264 445 1353 Sylla
468 1267 619 1348 Bocche,
637 1266 780 1354 primum
804 1265 995 1346 reluctanti,
1013 1263 1185 1353 persuadet
1201 1281 1239 1329 ut
1254 1265 1313 1329 Ju-

355 1371 510 1460 gurtham
525 1371 679 1435 Romanis
696 1369 810 1436 tradat.
827 1369 928 1451 Dein,
945 1368 1022 1434 dolo
1037 1369 1078 1434 ad
1097 1369 1313 1434 simulandam

356 1499 487 1566 pacem,
497 1477 590 1557 eujus
601 1475 746 1541 Numida
761 1475 874 1542 avidus
890 1492 976 1560 erat,
988 1477 1188 1566 composito,
1203 1475 1313 1566 digre-

353 1582 502 1646 diuntur.

245 1689 349 1754 CXII.
371 1689 532 1777 Jugurtha
547 1703 676 1770 contra,
692 1712 751 1779 per
765 1690 940 1780 Asparem,
960 1715 979 1755 a
995 1691 1123 1756 Bocche
1150 1691 1311 1779 postulat,

355 1810 394 1857 ut
411 1794 496 1883 Sylla
514 1793 576 1858 sibi
592 1816 650 1883 per
672 1794 786 1861 dolum
808 1795 955 1861 tradatur
973 1821 980 1861 :
998 1797 1042 1862 ita
1067 1797 1155 1861 enim
1171 1798 1255 1872 fore,
1272 1812 1312 1859 ut

351 1899 446 1979 jussu
463 1915 592 1964 senatus
612 1901 790 1990 populique
812 1903 938 1966 romani
961 1901 1065 1967 foedus
1091 1899 1163 1982 fiat,
1183 1924 1224 1965 ne
1241 1900 1312 1965 talis

353 2006 403 2068 vir
419 2006 453 2068 in
470 2006 615 2069 hostium
631 2022 789 2094 potestate
807 2007 1020 2096 relinquatur.

244 2129 367 2195 CXIII.
392 2129 462 2194 Hoc
485 2151 619 2218 quoque
642 2130 776 2196 Maurus
801 2132 990 2220 pollicetur3
1007 2131 1084 2197 dolo
1100 2155 1140 2196 an
1156 2153 1250 2209 vere,
1262 2131 1313 2195 in·

355 2251 492 2300 certum.
517 2234 668 2300 Numidae
693 2253 801 2301 tamen
827 2237 959 2302 insidias
986 2237 1112 2322 tendit3
1134 2237 1191 2326 qui
1218 2237 1311 2326 Syllae

356 2339 510 2418 traditus,
527 2342 568 2405 ab
584 2365 623 2407 eo
638 2341 678 2406 ad
689 2341 831 2408 Marium
848 2343 1031 2410 deducitur.

243 2447 363 2513 CXIV.
388 2447 696 2536 Romae,postquam
706 2449 829 2514 bellum
841 2451 1312 2540 confectum,lugurthamque

357 2552 504 2617 vinctum
520 2552 640 2617 adduci
656 2555 847 2618 nunciatum
865 2572 933 2638 est,
956 2557 1077 2621 Marius
1093 2558 1212 2621 iterum
1230 2579 1311 2622 con-

356 2657 409 2721 sul
424 2658 539 2722 absens
555 2676 699 2742 creatur,
711 2661 806 2749 eique
817 2660 1003 2727 decernitur
1015 2665 1180 2762 provincia
1192 2663 1312 2740 Gallia,

354 2762 390 2824 in
413 2785 478 2850 qua
502 2765 584 2828 male
609 2765 775 2830 a'lllanlio
798 2783 831 2832 et
853 2769 1004 2856 Caepione
1027 2787 1207 2861 pugnatum
1230 2787 1311 2836 erat.

357 2868 480 2936 Marius
496 2869 639 2937 kalendis
652 2874 806 2955 januariis
822 2876 1011 2966 triumphat.

667 3328 896 3354 mm
