2910 4666
522 405 858 474 FRAGMENTA.
1139 404 1213 503 389
1281 349 1284 354 Ι

162 535 297 628 aptisque
318 535 530 604 carissumum
549 536 638 604 domi
659 537 844 624 recordari,
872 538 1047 631 cunctique
1069 541 1216 609 omnium

162 639 315 736 ordinum
334 655 478 710 extrema
499 645 611 710 munia
630 645 728 736 sequi.
743 643 857 728 Idem,
874 647 1014 730 Mona,
1031 644 1161 735 efficto.

217 748 260 813 Et
273 746 358 816 forte
369 749 402 814 in
416 747 600 842 navigando
617 749 736 817 cohors
752 746 859 834 una²¹,
873 749 989 843 grandi
1007 749 1108 819 faselo
1122 765 1216 819 vecta

164 875 184 919 a
202 853 317 921 ceteris
332 853 511 939 deerravit,
526 854 672 948 marique
694 853 823 948 placido
841 878 861 922 a
879 853 1007 924 duabus
1023 856 1216 950 predonum

162 960 418 1052 myoparonibus
445 961 677 1028 circumventa.
697 961 811 1046 Idem,
833 965 867 1028 in
889 983 975 1031 voce
996 964 1159 1048 Faseuo,
1183 977 1219 1030 et

163 1066 344 1158 Myoparo.

215 1171 317 1256 Eum,
339 1183 436 1263 atque
460 1167 744 1264 Metrophanem²²
768 1184 898 1239 senatus
921 1195 1041 1265 magna
1058 1170 1219 1240 industria

163 1275 391 1368 perquirebat,
412 1299 512 1369 quum
538 1292 597 1370 pe'r
617 1290 666 1345 tot
689 1277 845 1370 scaphas,
869 1300 949 1371 quas
974 1277 1016 1344 ad
1034 1278 1119 1346 ostia
1140 1302 1217 1346 cum

163 1382 276 1472 paucis
296 1381 368 1448 fidis
386 1395 635 1475 percunctatum
650 1383 813 1452 miserant.
836 1382 947 1467 Idem,
967 1399 1003 1450 et
1024 1383 1215 1468 Charrstm,

165 1485 237 1552 Lib.
255 1487 281 1553 I.

217 1593 311 1660 Duos
332 1617 430 1686 quam
450 1617 619 1662 maxumos
633 1607 722 1664 utres
742 1593 804 1662 levi
819 1593 939 1664 tabule
958 1578 1137 1688 subjecit²³:
1153 1617 1218 1687 qua

163 1721 278 1794 super,
292 1700 383 1766 omni
401 1723 556 1793 corpore,
570 1702 716 1794 quietus,
735 1701 875 1769 invicem
890 1715 997 1769 tractu
1016 1699 1108 1794 pedis
1126 1701 1220 1793 quasi

163 1805 366 1896 gubernator
395 1807 563 1874 exsisteret
588 1831 595 1873 :
624 1831 663 1875 ea
685 1808 770 1874 inter
795 1805 915 1875 molem
938 1821 1037 1900 atque
1059 1804 1219 1892 insulam,

164 1911 247 1976 mari
269 1909 463 1979 vitabundus
481 1910 617 1980 classem
635 1912 798 2000 hostium,
816 1913 857 1980 ad
880 1911 1038 2006 oppidum
1058 1914 1218 2005 pervenit.

163 2014 269 2083 Idem.

215 2123 302 2189 Nam
317 2123 373 2214 qui
394 2145 492 2190 enare
507 2125 615 2190 conati
637 2109 812 2207 fuerant²⁴,
830 2123 886 2190 icti
909 2145 994 2216 saepe
1013 2121 1218 2190 ferramentis

162 2227 318 2314 navium,
339 2241 396 2296 aut
420 2225 580 2295 vulnerati
603 2252 622 2295 a
641 2229 724 2316 suis,
742 2241 800 2296 aut
817 2227 938 2296 adflicti
960 2225 1088 2314 alveos,
1111 2225 1217 2294 unda·

206 2461 251 2497 ιι.
269 2443 361 2496 cotors
374 2463 430 2496 una.
454 2444 589 2509 Qutecum
604 2463 670 2515 prra-
711 2443 810 2496 venire.
826 2473 865 2486 —
878 2430 980 2496 Inoindm
995 2456 1072 2496 tractu
1079 2445 1157 2516 pedis.
1177 2445 1220 2496 Al-

162 2535 221 2576 tore
228 2522 345 2575 Bellieno
356 2523 383 2574 in
393 2523 507 2576 Siciliam
521 2525 666 2594 navigabat.
712 2535 788 2576 terno
795 2521 895 2594 pedum
905 2536 987 2576 motu.
1003 2525 1102 2595 Legere
1113 2525 1217 2588 malim,

164 2602 280 2672 Captum
309 2602 456 2654 Bellienum
480 2601 618 2674 predones
640 2603 667 2655 in
712 2601 971 2654 inuicemsednihil
985 2603 1039 2656 lere
1052 2605 1218 2656 interest.—

163 2697 236 2734 utare
253 2677 412 2751 dejecerunt.
439 2683 478 2733 Da
491 2682 536 2734 Be.
559 2699 597 2744 rr,
622 2683 666 2735 ³1.
711 2683 779 2734 Inter
792 2683 1073 2753 molematqueimulom.
1095 2683 1159 2735 Eam
1168 2683 1217 2735 sei-

86 2823 90 2834 ·
164 2789 205 2802 -
218 2759 414 2830 mropamntbus.
432 2760 522 2813 Genus
533 2762 638 2831 namgii.
711 2761 774 2813 licet
792 2761 903 2813 insulam
919 2762 947 2813 in
965 2779 1016 2832 qua
1032 2775 1087 2814 erat
1095 2763 1217 2834 Cyzicus.

206 2840 324 2891 amEant
330 2851 401 2909 atque
407 2840 592 2910 Metrophanem.
603 2841 666 2893 Luc.
712 2840 783 2892 Flor.
797 2859 848 2904 ιιι,
864 2843 896 2893 5:
916 2839 1067 2893 uFiduciam
1078 2841 1217 2913 oppidanis

163 2918 282 2988 Magium
302 2931 329 2970 et
354 2919 573 2988 Metrophanem,
603 2937 669 2990 quos
711 2917 1216 2982 resistendinuneiusfecit,docensad·

163 2995 331 3050 Mithridates
351 2995 385 3048 ad
408 2997 554 3050 Sertorium
572 2998 669 3069 legatos
712 3010 819 3051 ventare
838 3000 994 3064 Lucullum
1014 3000 1073 3071 qui,
1089 3001 1217 3053 horribile

163 3077 279 3128 miseret.
294 3073 615 3148 Sciliceteosinterciperc
623 3095 669 3130 cu·
712 3075 802 3141 dictu,
816 3096 865 3149 per
879 3077 977 3130 medias
993 3079 1108 3130 hostium
1124 3097 1214 3141 naves,

163 3155 254 3226 plebat
270 3167 382 3209 senatus.
392 3154 462 3207 Vide
480 3173 536 3227 sup.
550 3157 567 3208 l.
582 3157 623 3212 11,
640 3176 667 3210 n.
712 3169 771 3209 utre
786 3175 941 3228 suspensus,
953 3169 979 3208 et
991 3155 1103 3228 pedibus
1114 3159 1164 3210 iter
1174 3157 1218 3210 ad-

166 3251 212 3288 ar.
229 3265 270 3275 --
289 3235 369 3304 Quum
379 3253 423 3305 per
440 3246 476 3286 tot
489 3235 597 3306 scaphas.
620 3236 669 3287 ra·
712 3235 1218 3308 gubernans,videntibusprocul,quasi

163 3313 214 3366 eile
228 3325 337 3384 apparet
348 3314 393 3366 hic
408 3313 507 3385 aliquid
519 3313 620 3378 deesse,
636 3312 669 3366 ad
712 3314 812 3366 marina
822 3315 915 3384 pistrix
928 3329 1051 3368 evaserat.
1064 3341 1075 3362 ι

165 3391 238 3464 quod
254 3391 319 3445 illud
336 3393 472 3446 referatur.
487 3425 528 3436 --
543 3393 590 3445 Ad
598 3397 667 3445 ostia.
755 3399 800 3454 ad.
811 3393 876 3444 Nam
888 3397 929 3463 qui
941 3393 1012 3444 enare
1023 3395 1216 3461 conatifuerant.

166 3470 207 3524 nd
216 3471 357 3524 fluminum
374 3473 403 3524 in
416 3491 488 3524 mare
502 3471 602 3537 exitum
616 3490 669 3543 qno
712 3469 817 3523 Scilicet
832 3472 860 3522 in
873 3489 904 3524 ea
915 3483 1083 3543 tempestate,
1098 3491 1156 3544 que
1167 3474 1217 3526 Mi·

165 3551 670 3622 sensumtiaaemper,pluralinumero,
713 3548 858 3615 thridatis,
891 3551 1019 3622 Cyzicum
1050 3550 1214 3618 obsidentis,
1316 3567 1318 3570 ·

166 3628 308 3695 dicuntur,
323 3642 389 3683 teste
401 3629 570 3694 Charisio‚r.
713 3647 791 3682 nares
817 3643 953 3702 turresque
980 3631 1089 3683 navibus
1107 3631 1215 3702 imposi-

209 3711 254 3764 ιθ.
280 3711 577 3762 ordenandum
592 3709 670 3780 subje-
714 3719 752 3761 tas
767 3707 1075 3782 disturbavit.Vid.sup.
1092 3729 1118 3762 n.
1136 3712 1160 3762 5.
1180 3742 1216 3756 -

168 3794 208 3842 ut.
225 3789 317 3843 Senno
329 3801 367 3842 est
377 3787 411 3841 de
422 3789 506 3842 milite
519 3789 624 3860 aliquo,
639 3807 671 3841 ex
714 3789 819 3860 Adflt'ctr'
840 3791 925 3842 alveos.
959 3789 1052 3842 Carrio
1077 3787 1153 3842 addit
1174 3790 1214 3841 ad.

167 3867 324 3921 Fimbriauis
337 3868 503 3938 legionibus,
523 3887 602 3940 quem
617 3869 670 3920 Lu·
716 3869 798 3921 Forte
822 3867 974 3921 subaudirit
992 3868 1148 3932 Sallustium
1167 3881 1216 3934 ut,

167 3948 252 4001 collus
280 3949 406 4018 Cynicum
432 3948 525 4012 misit,
562 3947 672 4000 obsessis
715 3945 1218 4019 adsideremceniaflndarumriadllige-

167 4027 354 4082 nuntiaturum
370 4045 398 4081 se
421 4045 482 4080 cum
498 4027 613 4081 exercitu
629 4024 673 4079 ad·
715 4027 813 4081 bantur
828 4023 861 4082 ad
874 4027 980 4082 narium
997 4026 1091 4080 alveos.

990 4118 1061 4204 ι53
